3618 5164
761 1143 939 1290 tenni
974 1146 1042 1268 ll.

370 1360 462 1446 Quae
485 1361 591 1427 adhue
612 1361 760 1443 eruimus,
781 1359 900 1454 haecf
896 1381 948 1427 ere
970 1365 1058 1427 sunt:

370 1467 561 1536 (lleomedi
586 1489 659 1534 non
676 1473 830 1552 praesto
848 1469 983 1533 erant
974 1469 1097 1554 rpsius
1115 1468 1314 1535 Posidonii
1336 1468 1436 1534 libri.
1483 1467 1558 1534 Hoc

280 1579 345 1642 iam
366 1576 441 1642 inde
463 1574 673 1643 conclusimus
695 1578 738 1660 (p.
764 1576 915 1658 10-11),
943 1573 1036 1661 qnod,
1067 1576 1094 1641 si
1116 1597 1150 1641 re
1173 1597 1248 1642 vera
1270 1574 1323 1642 ille
1346 1576 1561 1660 exscripsisset

281 1683 445 1750 Posidonii
476 1681 581 1764 libros,
613 1683 788 1768 suspiciosa
819 1682 967 1748 existeret
998 1683 1135 1749 sanetas
1166 1681 1317 1749 librorum
1347 1682 1561 1749 adhibitorum

282 1789 331 1877 (ct
355 1790 475 1857 Oleom.
498 1812 529 1876 p.
551 1792 790 1872 48,15-70,22
824 1794 856 1855 et
889 1810 986 1874 supra
1017 1812 1048 1875 p.
1083 1792 1124 1856 10
1158 1791 1254 1874 extu).
1300 1788 1445 1873 Accedit,
1476 1788 1561 1875 quod

283 1897 387 1983 capite
418 1895 557 1963 secundo
590 1895 819 1963 dissertationis
848 1900 975 1962 nostrae
1005 1896 1208 1964 Cleomedem
1229 1896 1258 1979 Ι,
1284 1900 1300 1963 1
1324 1897 1358 1962 in
1381 1897 1561 1963 universum

283 2005 372 2088 sequi
394 2024 592 2070 communem
617 2001 805 2086 Stoicorum,
833 2025 914 2087 quae
938 2025 1039 2088 paene
1063 2009 1146 2070 esset
1169 2003 1347 2089 Chrysippi,
1373 2004 1561 2070 sententiam

213 2127 214 2130 ’
284 2118 317 2178 et
338 2111 508 2177 admodum
532 2131 636 2195 pauca
658 2110 774 2177 hausta
792 2131 860 2176 csse
878 2131 918 2175 ex
926 2109 1098 2178 Posidonio
1115 2111 1406 2178 demonstravimus.
1453 2110 1561 2178 (lleo-

285 2218 411 2285 medes
433 2218 554 2302 igitur
577 2218 792 2304 generalem
816 2217 1032 2286 Stoicorum
1060 2218 1272 2285 doctrinam
1299 2217 1496 2284 nonnullis
1524 2218 1562 2283 in

284 2325 400 2392 rebus
421 2324 631 2391 Posidonio
654 2327 885 2392 contrariam
912 2326 1061 2392 invenit
1086 2327 1159 2391 iarn
1188 2327 1342 2391 mixtam
1364 2325 1563 2392 Posidoni-

286 2455 372 2515 ana,
401 2431 486 2499 unde
509 2453 581 2498 eum
603 2433 651 2498 uti
675 2439 811 2515 auctore,
841 2434 895 2518 qni
918 2439 988 2500 erat
1008 2438 1082 2519 post
1102 2431 1318 2512 Posidonium,
1347 2435 1415 2499 iure
1438 2431 1563 2499 conclu·

285 2541 378 2608 ditur.
424 2539 477 2606 Ex
499 2541 602 2625 capite
620 2541 722 2622 tertio,
746 2562 808 2624 quo
826 2541 1003 2624 singulares
1021 2540 1209 2625 perscrutati
1228 2562 1336 2606 sumus
1354 2540 1563 2624 quaestiones,

288 2645 490 2715 Cleomedem
521 2645 608 2714 fonte
639 2669 731 2713 usum
763 2669 841 2730 esse,
873 2670 935 2732 quo
967 2647 1088 2713 multae
1114 2647 1278 2714 Posidonii
1306 2647 1470 2732 opiniones
1499 2648 1563 2712 iarn

286 2760 379 2822 erant
399 2759 542 2821 mutatae
564 2754 614 2821 vel
636 2755 833 2838 emendatae,
855 2755 1058 2822 manifestum
1079 2753 1125 2821 fit.

378 2861 479 2928 Dicet
501 2861 553 2928 hic
575 2863 759 2949 quispiam)
784 2861 985 2931 Cleomedem
1008 2863 1120 2949 ipsum,
1153 2883 1225 2928 cum
1255 2861 1445 2929 exscriberet
1475 2861 1564 2928 Posi-

291 2969 378 3037 donii
400 2968 506 3052 libros,
529 2970 700 3036 correxisse
724 2975 885 3037 auctorem
907 2992 1000 3037 suum
1022 2971 1061 3036 iis
1084 2969 1170 3053 locis,
1193 2969 1307 3054 quibus
1329 2991 1402 3036 cum
1423 2969 1478 3035 illo
1501 2991 1564 3035 non

289 3078 487 3144 consentiret
534 3076 601 3145 Sed
622 3078 677 3163 qui
699 3078 759 3145 hoc
782 3061 928 3160 affimrat,
959 3079 1099 3144 animum
1129 3076 1276 3144 attondat
1297 3075 1391 3142 velim
1413 3075 1456 3142 ad
1478 3077 1564 3162 inge·

287 3185 376 3252 nium
409 3182 597 3253 Cleomedis.
645 3182 747 3269 Quem
778 3187 911 3251 minima
941 3185 1119 3270 praeditum
1156 3185 1251 3251 fuisse
1282 3183 1388 3249 indole
1420 3188 1454 3250 et
1483 3184 1566 3249 inter

287 3314 395 3359 omnes
434 3292 620 3359 iamdudum
662 3298 788 3359 constat
822 3299 854 3358 et
889 3294 951 3378 ipsi
989 3293 1191 3378 cognovimus
1228 3296 1269 3377 (p.
1306 3293 1369 3373 66).
1424 3290 1478 3356 Ex
1510 3312 1566 3356 suo

291 3401 421 3484 ingenio
444 3399 533 3465 illum
556 3401 697 3485 potuisse
720 3401 887 3485 quicquam
911 3399 1028 3466 addere
1051 3405 1108 3465 eut
1128 3398 1194 3467 ullo
1215 3399 1285 3466 loeo
1307 3398 1462 3483 corrigere
1479 3397 1568 3464 Posi-

288 3506 374 3573 donii
400 3508 589 3573 sententiam
612 3529 701 3592 nego.

377 3612 497 3680 Facere
519 3616 619 3699 igitur
641 3637 704 3682 non
726 3637 863 3700 possum,
886 3616 961 3701 quin
990 3616 1091 3682 inter
1118 3615 1365 3682 Posidonium
1396 3618 1434 3680 et
1457 3612 1566 3680 (lieo-

287 3721 433 3788 medem
466 3721 582 3787 aliurn
615 3724 839 3808 scriptorem
871 3721 931 3789 vel
962 3722 1059 3790 alios
1096 3723 1304 3807 scriptores
1335 3742 1416 3788 esse
1448 3721 1566 3787 inter·

287 3829 481 3916 ponendos
521 3835 668 3896 statuam.
722 3828 795 3896 Iam
831 3832 921 3897 initio
953 3831 1067 3916 eapitis
1098 3830 1182 3896 tertii
1215 3830 1314 3896 nostri
1346 3828 1567 3895 auctoritatem

287 3935 451 4004 Posidonii
475 3936 561 4022 apud
583 3943 725 4022 posteros
747 3936 845 4004 fuisse
868 3943 991 4005 tantam
1014 3939 1207 4024 negavimus,
1236 3943 1273 4003 ut
1301 3958 1341 4002 ea
1367 3936 1566 4002 vincerentur

287 4045 428 4129 priorum
470 4043 649 4112 Stoicorum
688 4046 872 4112 sententiae.
917 4045 970 4112 Ex
1011 4044 1128 4114 Galeni
1168 4044 1246 4112 locis
1292 4066 1388 4130 supra
1428 4046 1470 4129 (p.
1512 4043 1567 4122 37)

291 4149 397 4218 allatis
420 4149 555 4234 Stoicos,
576 4154 631 4238 qui
654 4159 746 4220 erant
767 4154 877 4238 primis
899 4176 929 4238 p.
954 4152 1028 4222 Obr.
1051 4152 1194 4234 saeculis,
1216 4153 1381 4218 recessisse
1402 4150 1511 4218 multis
1533 4151 1565 4216 in

288 4257 525 4343 quaestionibus
547 4259 589 4326 ab
621 4259 675 4326 illc
708 4262 920 4345 cognovimus,
951 4260 1035 4327 unde
1067 4261 1173 4342 etiarn,
1203 4281 1260 4325 cur
1281 4260 1380 4345 ipsius
1402 4256 1567 4325 Posidonii

225 4377 228 4382 '
286 4364 359 4431 libri
391 4365 433 4431 ad
465 4388 523 4433 nos
555 4389 619 4433 non
651 4369 858 4453 pervenerint,
891 4369 1007 4453 partim
1039 4366 1078 4434 fit
1106 4367 1317 4454 perspicuum.
1363 4364 1450 4434 Satis
1472 4387 1565 4452 porro

286 4479 396 4539 notum
427 4480 477 4540 est
507 4476 674 4561 scriptores
706 4475 966 4561 postchristianos
998 4498 1062 4543 non
1095 4495 1224 4562 opernm
1258 4473 1396 4558 dedisse,
1427 4478 1465 4539 ut
1495 4474 1567 4559 ipsa

374 4619 398 4694 ¹)
416 4618 451 4682 cf.
471 4615 575 4698 Hircel,
593 4618 842 4698 Untersuchnnpen
860 4617 884 4696 1,
906 4623 966 4695 193,
985 4619 1048 4678 eun.
1067 4623 1093 4678 2.
