3632 5144
810 335 1029 400 *12-

279 527 404 594 dicendi
436 531 607 614 proprium,
639 550 740 613 neque
773 531 901 595 omnino
933 532 1160 615 comparationi
1189 553 1339 615 generum
1363 533 1486 598 dicendi
1511 535 1558 598 ite

279 634 435 702 confidere
466 636 549 716 licet,
581 641 617 701 nt
649 658 750 720 paene
782 636 838 701 illa
865 637 966 702 solum
990 639 1129 703 nitamur
1152 639 1185 703 in
1209 640 1386 723 aperiendis
1409 639 1556 728 fontibus.

279 741 418 828 Magnos
442 743 525 808 enim
549 744 716 828 scriptores
739 745 835 808 etiam
859 746 1012 810 sermonis
1039 744 1156 810 habere
1179 746 1353 812 imitatores
1376 751 1486 812 notum
1509 753 1558 813 est

279 855 374 934 atqua
396 872 454 936 per
475 851 688 916 intermissum
711 873 835 934 qnoque
857 851 976 917 fontem
999 853 1116 919 servari
1138 874 1230 937 posse
1254 854 1437 938 principalis
1460 853 1556 921 fontis

279 957 441 1042 proprium
464 979 563 1041 genus
586 957 711 1023 dicendi
734 964 980 1024 consentaneum
1004 965 1059 1024 est.

290 1109 291 1114 ¹
369 1081 405 1149 O.
452 1081 487 1148 Si
522 1083 619 1166 igitur
651 1103 802 1148 conamur
832 1082 934 1148 fontes
968 1083 1146 1150 cleomedis
1178 1085 1355 1169 explorare,
1387 1092 1474 1152 certa
1504 1087 1556 1152 via

278 1194 443 1273 certaeque
475 1188 603 1273 regulae
636 1195 732 1254 antea
765 1196 839 1254 sunt
873 1190 1069 1256 statuendae.
1124 1191 1315 1256 Praesertim
1348 1215 1419 1258 cum
1451 1194 1556 1260 nullus

278 1294 458 1380 philosophi
480 1293 693 1381 Apamaensis
722 1295 802 1361 liber
830 1298 966 1381 supersit
998 1298 1128 1381 integer,
1160 1299 1217 1364 sed
1249 1299 1349 1364 solum
1379 1301 1557 1384 fragmenta

279 1399 467 1485 habeamus,
499 1404 567 1468 sine
600 1408 684 1468 certo
716 1403 894 1487 inquirendi
926 1404 1021 1470 modo
1052 1427 1214 1489 nunquam
1247 1405 1413 1474 diiudicari
1443 1397 1557 1492 potest,

278 1515 384 1575 utrum
407 1531 441 1575 re
464 1532 539 1575 vera
561 1510 625 1575 tale
648 1510 724 1593 quid
747 1510 863 1575 dixerit
888 1511 981 1594 quale
1011 1511 1064 1576 hic
1095 1512 1145 1576 vel
1176 1513 1241 1578 illio
1273 1513 1417 1597 traditur,
1449 1537 1556 1580 necne.

278 1615 330 1682 Ac
360 1617 498 1702 primum
527 1617 654 1700 quidem
687 1639 811 1701 semper
843 1618 884 1682 ad
917 1639 964 1699 ea,
996 1639 1077 1701 quac
1108 1619 1193 1703 apud
1221 1621 1388 1704 scriptores
1410 1623 1557 1705 antiquos

278 1723 465 1790 nominatim
489 1724 671 1789 tribuuntur
692 1724 875 1806 Posidonio,
904 1725 964 1790 erit
985 1725 1218 1791 recurrendum.
1265 1725 1331 1794 Sed
1353 1729 1417 1792 iam
1439 1728 1501 1795 hac
1523 1730 1556 1793 in

276 1831 663 1916 recauteprogrediamur.
689 1829 792 1916 Saepe
803 1833 887 1896 enim
898 1832 1022 1913 accidit,
1032 1839 1068 1898 ut
1079 1833 1270 1899 Posidonius
1280 1833 1391 1899 eadem
1401 1837 1558 1901 sententia

277 1944 387 2005 utatur
404 1961 468 2022 qua
486 1939 579 2003 ceteri
594 1937 702 2020 Stoici,
721 1960 912 2023 quamquam
931 1940 1000 2024 ipso
1016 1940 1085 2004 loco
1104 1940 1189 2005 solus
1199 1940 1388 2007 Posidonius
1397 1942 1555 2008 laudatur.

277 2044 371 2111 Iocis
393 2047 498 2130 igitur,
522 2045 645 2130 quibus,
676 2047 735 2111 etsi
758 2069 840 2111 unus
865 2052 988 2112 tantum
1012 2047 1128 2112 citatur
1150 2048 1349 2129 Posidonius,
1379 2049 1557 2133 generalem

280 2151 458 2218 Stoicorum
481 2154 671 2219 sententiam
694 2153 834 2218 exhiberi
858 2155 983 2236 scimus,
1010 2154 1075 2218 noli
1097 2155 1144 2219 ita
1166 2156 1222 2235 uti,
1246 2160 1281 2220 ut
1302 2155 1490 2241 philosopho
1506 2156 1557 2222 ‘ibi

279 2266 525 2325 commemorato
559 2260 680 2326 tribuas
710 2267 830 2326 ceteros
856 2282 980 2345 quoquc
1002 2262 1097 2342 locos,
1129 2261 1243 2345 quibus
1266 2263 1382 2328 similia
1402 2263 1558 2347 legantur.

280 2366 470 2432 Immolete
493 2367 609 2451 ubique
631 2389 758 2433 necesse
781 2373 830 2433 est
852 2369 1031 2452 explanare,
1059 2368 1216 2452 quomodo
1240 2391 1448 2454 unaquaeqne
1470 2371 1558 2437 notio

276 2479 309 2538 et
337 2475 498 2539 ¹sententia
528 2496 586 2559 per
618 2480 761 2559 tempora
793 2476 835 2540 sit
864 2481 989 2540 servata
1012 2469 1069 2541 aut
1090 2482 1223 2558 mutata,
1254 2483 1291 2542 ut
1322 2498 1556 2562 cognoscamus,

276 2581 353 2664 quid
377 2581 488 2664 cuique
511 2580 699 2666 philosopho
719 2581 844 2647 scholae
864 2581 992 2648 Stoicae
1010 2583 1212 2649 tribuendum
1231 2585 1274 2649 sit
1291 2585 1418 2669 proprii,
1440 2583 1556 2669 quidve

276 2686 317 2753 ab
335 2688 584 2754 antecessoribus
601 2690 777 2773 sumpserit.
810 2689 1063 2756 Discernendum
1081 2691 1178 2774 igitur
1196 2711 1319 2776 semper
1337 2697 1385 2757 est
1403 2691 1487 2757 iuter
1506 2715 1553 2774 ea,

275 2817 357 2879 quae
379 2795 509 2881 propria
531 2800 605 2861 sunt
626 2795 798 2877 Posidonii,
828 2802 861 2862 et
882 2818 929 2878 ea,
961 2818 1042 2880 qnae
1066 2795 1244 2864 Stoicorum
1268 2804 1342 2864 sunt
1365 2800 1553 2866 communia.

275 2900 353 2968 Alio
375 2903 469 2968 modo
492 2903 593 2969 solum
615 2904 744 2985 eruitur,
766 2904 843 2988 quid
861 2903 1032 2969 Posidonio
1055 2905 1151 2970 tribui
1175 2905 1310 2989 possit,
1334 2926 1398 2971 non
1420 2905 1498 2990 quid
1519 2924 1554 2972 re

275 3032 350 3076 vera
373 3011 415 3077 sit
437 3010 649 3076 tribuendum.
714 3011 716 3014 ’

364 3136 436 3202 Iam
470 3158 567 3222 supra
598 3157 649 3202 me
681 3157 808 3202 censere
841 3137 915 3218 dixi,
947 3139 1029 3202 inter
1062 3137 1263 3204 cleomedem
1290 3144 1323 3204 et
1349 3137 1553 3205 Posidonium

274 3245 425 3309 interesse
443 3243 561 3310 iontem
583 3243 729 3328 aliquem.
773 3244 862 3328 Ergo
881 3245 957 3309 mihi
977 3245 1257 3311 demonstrandum
1275 3251 1332 3326 est,
1352 3245 1555 3331 cleomedem

275 3352 308 3416 in
330 3350 437 3417 libello
459 3373 516 3416 suo
538 3352 676 3436 proferre
699 3353 796 3417 etiam
819 3374 866 3433 ea,
889 3375 970 3436 quae
994 3358 1027 3416 et
1045 3352 1150 3417 aliena
1173 3354 1236 3417 sint
1254 3376 1275 3418 a
1292 3353 1456 3420 Posidonii
1480 3354 1553 3419 doc·

275 3459 359 3524 trina
390 3465 423 3524 et
454 3459 541 3543 apud
572 3459 652 3524 alios
684 3460 851 3543 scriptores
881 3461 1092 3524 inveniantur.
1137 3460 1298 3544 Imprimis
1321 3483 1394 3526 vero
1422 3460 1555 3527 uomndi

275 3571 349 3631 sunt
377 3564 447 3648 loci,
476 3555 590 3649 quibus
618 3587 691 3630 cum
713 3565 885 3632 Posidonio
907 3567 1069 3651 pugnatur
1091 3574 1186 3650 atque
1208 3567 1372 3650 repellitur
1394 3569 1461 3633 eius
1484 3589 1553 3632 seu·

274 3673 375 3738 tentia
397 3672 525 3759 disertis
545 3672 657 3738 verbis.
705 3673 742 3741 Si
765 3672 851 3758 apud
873 3673 952 3739 alios
975 3674 1150 3758 scriptores,
1179 3674 1234 3757 qui
1257 3681 1348 3740 erant
1369 3681 1441 3760 post
1463 3675 1554 3744 Posi·

274 3779 416 3862 denium,
449 3767 560 3846 eadem
592 3781 750 3860 sententia
781 3780 945 3846 Posidonii
975 3779 1190 3865 redarguitur,
1230 3781 1297 3846 iure
1330 3780 1554 3863 concludimus,

273 3887 370 3954 firisse
392 3886 561 3973 quendam,
584 3888 638 3972 qui
660 3889 796 3954 mutavit
812 3886 977 3953 Posidonii
1000 3886 1177 3953 doctrinam
1199 3889 1315 3972 quique
1337 3889 1472 3974 posteris
1494 3887 1555 3954 fuit

274 4001 385 4062 auctor
407 3996 515 4080 itaque
540 3994 703 4062 cleomedi
725 4017 857 4081 quoque.
904 3994 941 4061 Si
965 3994 1078 4060 dixerit
1104 3994 1156 4060 hic
1184 3995 1341 4081 quispiam
1363 3995 1431 4061 fieri
1453 4017 1554 4080 posse,

273 4108 310 4169 ut
334 4099 520 4171 cleomedes
544 4104 716 4170 sententias
734 4102 906 4169 Posidonio
925 4103 1108 4184 contrarias,
1130 4108 1238 4168 tamen
1262 4102 1395 4189 abipso
1419 4123 1553 4168 comme·

274 4216 414 4277 moratas
436 4219 574 4296 usurpet,
597 4210 882 4280 demonstrabimus
906 4208 1109 4278 cleomedem
1131 4209 1182 4275 his
1205 4210 1239 4275 in
1260 4209 1355 4277 rebus
1377 4211 1554 4306 consentire

274 4341 346 4384 eum
369 4317 582 4404 scriptoribus,
605 4320 660 4404 qui
681 4325 754 4405 post
777 4317 941 4384 Posidonii
964 4323 1102 4384 aetatem
1126 4324 1226 4384 erant.
1516 4303 1518 4308 ’

361 4424 436 4492 Has
458 4431 603 4493 tenentes
624 4425 752 4512 regulas
775 4425 818 4492 ad
840 4425 1090 4510 disquisitionem
1115 4425 1275 4492 adeamus.

361 4551 404 4619 D.
449 4551 597 4638 Denique
628 4553 693 4618 iam
725 4551 897 4635 videamus,
929 4550 1007 4638 quid
1030 4549 1217 4619 cleomedes
1246 4552 1315 4636 ipse
1344 4550 1385 4618 de
1414 4527 1557 4618 fontem*

272 4662 338 4728 suis
356 4661 450 4728 dicat.
496 4659 578 4727 Mihi
597 4684 676 4747 opus
694 4683 762 4730 esse
778 4660 903 4728 videtur
920 4659 1003 4728 banc
1018 4660 1236 4746 quaestionem
1250 4658 1291 4727 ab
1301 4657 1553 4727 antecessoribus
