3618 5164
818 304 1038 368 ,174-

287 504 394 564 0110111
426 500 460 564 11
492 499 717 564 astronomiam
749 498 1014 564 introductionem
1045 523 1065 564 a
1087 499 1258 565 Posidonio
1291 521 1359 565 0000
1391 499 1565 566 confectam

286 628 443 690 nusquam
460 606 630 671 memmiae
649 605 801 690 proditur.
846 605 961 690 Itaque
980 607 1064 690 quod
1084 605 1248 673 Oleomedi
1267 629 1331 673 non
1350 613 1419 672 erat
1441 611 1566 672 tantum

287 714 459 799 ingenium,
491 719 528 779 ut
559 714 627 798 ipse
659 715 872 779 astronomiae
905 713 1081 779 doctrinam
1113 713 1228 796 ederet,
1261 714 1479 798 cognoscimus
1511 735 1567 795 ea,

287 842 381 905 quae
404 821 442 885 in
471 820 574 886 illius
602 819 702 886 libro
733 826 822 886 sunt
843 821 1118 902 Posidoniana,
1151 843 1228 887 cum
1263 821 1331 887 illo
1363 823 1566 890 communi·

287 932 374 994 cata
396 949 478 994 esse
500 927 617 1010 fonte,
641 929 704 1012 qui
726 927 992 994 intercedebat
1014 929 1116 993 inter
1136 928 1204 995 hos
1227 928 1321 996 duos
1344 929 1562 1014 scriptores.

375 1053 452 1120 Una
470 1053 684 1120 cum'Dielsic
695 1052 745 1118 l.l.
756 1053 855 1135 doleo,
879 1053 964 1138 quod
982 1054 1040 1118 viri
1060 1053 1145 1119 docti
1164 1053 1269 1120 adhuc
1287 1075 1400 1138 parum
1424 1054 1566 1120 animad-

287 1166 449 1226 verterunt
479 1160 661 1243 „Posidonii
692 1161 868 1227 doctrinam
883 1178 884 1182 ’
901 1162 1000 1245 ipsius
1027 1160 1116 1227 libris
1144 1183 1207 1227 non
1230 1163 1332 1246 magis
1355 1184 1450 1246 quam
1474 1162 1565 1227 disci-

287 1268 432 1353 prdorum
465 1268 632 1334 sedulitate
664 1270 698 1333 in
727 1269 840 1352 vulgus
863 1269 980 1334 elatam
1005 1275 1099 1353 etque
1122 1269 1307 1354 popularem
1331 1291 1398 1334 esse
1421 1268 1565 1335 factam.“

289 1375 451 1460 Imprimis
482 1382 610 1442 notetur
639 1375 728 1442 locus
760 1375 864 1442 adhuc
895 1397 997 1460 paene
1024 1376 1127 1442 latens
1154 1375 1260 1442 Laert
1288 1376 1383 1461 Diog.
1406 1375 1486 1458 VII,
1509 1379 1565 1442 41:

226 1483 230 1490 ’
292 1485 411 1556 Φανίας
433 1485 453 1549 ὁ
476 1485 695 1550 Ποσειδωνίου
720 1486 879 1568 γνώριμος
902 1487 936 1549 ἓν
958 1494 1005 1568 τῷ
1030 1487 1151 1568 πρώτῳ
1181 1491 1245 1550 τῶν
1274 1486 1566 1551 Ποσειδωνείων

287 1592 421 1676 σχολῶν.
468 1589 601 1673 Scholis,
624 1597 660 1656 ut
677 1590 757 1657 bene
776 1592 923 1676 exposuit
944 1589 1071 1658 Amcld
1093 1591 1113 1656 l.
1136 1591 1156 1657 l.
1179 1615 1210 1676 p.
1236 1593 1285 1674 18,
1308 1573 1403 1677 saepe
1426 1593 1564 1658 contine-

288 1696 413 1774 bantur,
436 1719 518 1782 quee
541 1699 741 1783 exipsorum
765 1698 991 1783 discipulorum
1017 1699 1152 1783 ingeniis
1180 1697 1345 1781 fluxerant,
1373 1721 1437 1764 non
1465 1697 1565 1765 solam

289 1804 482 1872 exhibebant
507 1810 748 1890 praeceptorum
771 1806 957 1872 doctrinam
1004 1803 1110 1890 Quam
1142 1805 1182 1872 ob
1214 1827 1281 1871 rem
1313 1807 1346 1871 in
1378 1805 1494 1872 scholis
1515 1805 1565 1870 his

288 1915 417 1979 inventa
439 1934 506 1978 esse
529 1912 639 1995 multa,
662 1935 743 1997 quac
767 1935 787 1979 a
808 1915 1022 1998 praeceptoris
1046 1915 1204 1979 senmntia
1222 1919 1313 1980 erant
1331 1913 1444 1996 aliena,
1464 1915 1564 1979 mani·

287 2020 402 2087 festum
420 2026 476 2086 est
496 2020 672 2105 -Itaque
692 2021 905 2104 Oleomedem,
924 2043 1017 2105 quem
1036 2020 1154 2087 talibus
1178 2021 1294 2086 scholis
1312 2021 1362 2086 vel
1380 2021 1566 2105 compendio

288 2150 356 2194 esse
375 2150 467 2194 usum
487 2127 618 2210 affirmo,
641 2129 749 2195 multis
771 2130 805 2194 in
831 2128 926 2194 rebus
952 2129 1099 2194 recedere
1118 2151 1138 2194 a
1156 2127 1321 2195 Posidonii
1340 2128 1484 2214 partibus
1502 2151 1565 2195 nou

287 2241 337 2302 est
357 2237 480 2302 mirum.
526 2236 628 2302 Haud
649 2235 779 2303 fortuito
806 2236 943 2330 legimus
968 2259 999 2321 p.
1025 2238 1142 2317 maro
1167 2235 1210 2301 Z:
1234 2238 1267 2301 ἒν
1289 2245 1337 2320 τῷ
1357 2238 1478 2320 πρώτῳ
1501 2242 1566 2302 τῶν

288 2346 445 2429 σχολικῶν
464 2348 497 2409 01
514 2345 609 2426 228,1
630 2347 662 2409 αἱ
680 2345 790 2429 σχολαὶ
808 2343 906 2420 αὗται,
926 2345 1040 2428 quibus
1057 2343 1187 2410 vocibus
1206 2344 1273 2411 sine
1293 2341 1388 2409 dubio
1407 2342 1566 2410 indicatur

287 2473 351 2518 non
369 2451 463 2518 modo
480 2450 583 2544 forma
600 2451 903 2537 operisOleomedis‚
926 2451 982 2518 sed
1005 2452 1102 2517 etiam
1124 2451 1219 2518 fontis
1241 2450 1351 2518 forma

376 2576 477 2643 Recte
508 2577 651 2662 disputat
678 2576 771 2642 Diels
794 2577 813 2643 l.
837 2576 857 2643 l.
881 2577 1057 2644 doctrinam
1079 2576 1243 2644 Posidonii
1266 2599 1287 2642 0
1309 2575 1472 2662 discipulis
1495 2599 1567 2662 „po-

286 2685 430 2770 pularem
461 2706 529 2751 esse
561 2684 705 2750 factam.“
750 2684 905 2771 Urgenda
936 2691 1043 2751 autem
1074 2707 1158 2751 nunc
1186 2689 1235 2751 001
1256 2706 1317 2751 vox
1339 2684 1569 2770 „popularem.“

285 2791 450 2858 Posidonii
472 2793 557 2858 enim
579 2792 726 2877 discipuli
749 2815 813 2858 non
831 2799 898 2858 10111
917 2815 1045 2878 operam
1064 2792 1227 2876 dederunt,
1250 2799 1287 2859 ut
1304 2793 1415 2878 paucis
1433 2790 1566 2859 homini·

284 2899 345 2966 bus
377 2899 509 2966 eruditis
541 2901 702 2985 aperirent
727 2901 871 2984 magistri
899 2901 1075 2967 doctrinam
1098 2923 1194 2985 quam
1217 2906 1254 2967 11
1275 2899 1510 2966 observationes
1534 2905 1567 2966 et

285 3009 458 3074 sententiaa
482 3008 709 3074 astronomicas
727 3005 875 3074 efferrent
891 3010 925 3073 in
943 3007 1064 3093 vulgus.
1110 3008 1158 3075 Ut
1176 3013 1284 3074 autem
1301 3004 1395 3073 homo
1413 3007 1453 3073 de
1471 3005 1563 3092 plebe

285 3137 340 3182 eas
371 3116 555 3201 perciperet,
589 3115 778 3182 descendere
808 3117 899 3200 quasi
928 3116 966 3181 de
990 3116 1172 3182 excelsitate
1195 3114 1414 3201 philosophiae
1436 3135 1565 3181 necesse

285 3230 355 3289 erat
384 3229 480 3307 atque
511 3245 570 3305 res,
603 3245 682 3308 quas
705 3223 886 3308 intellegere
910 3223 1037 3291 difficile
1061 3231 1137 3306 erat,
1170 3223 1302 3289 reddere
1325 3244 1421 3307 quam
1444 3221 1562 3307 simpli·

285 3331 435 3413 cissimas,
458 3352 520 3415 quo
542 3330 662 3396 factum
685 3336 741 3412 001,
764 3336 800 3396 11
823 3333 940 3397 sensim
963 3338 1163 3398 evanesceret
1186 3330 1352 3416 diligentia
1374 3335 1408 3396 et
1429 3350 1507 3396 cura
1523 3351 1563 3395 ex

284 3437 401 3505 talibus
432 3437 529 3504 libris.
563 3476 605 3487 -
636 3437 711 3505 Hoc
734 3439 830 3504 etiam
854 3438 893 3504 de
918 3439 1087 3506 Cleomede
1110 3439 1322 3524 cognovimus,
1353 3439 1407 3522 qui
1430 3459 1457 3504 e.
1480 3459 1506 3503 c.
1528 3437 1563 3501 in

283 3547 423 3612 numeris
446 3544 614 3612 afferendis
636 3546 793 3612 levissime
816 3569 849 3612 se
873 3547 962 3632 gerit.
1007 3545 1120 3630 Neque
1141 3547 1226 3611 enim
1243 3544 1484 3628 mathematicis,
1507 3543 1564 3612 sed

283 3652 472 3737 hominibus,
490 3654 561 3740 ‚qni
594 3655 715 3720 minore
746 3653 933 3720 fruebantur
962 3654 1146 3736 eruditione,
1177 3653 1262 3718 illius
1285 3652 1365 3720 liber
1386 3652 1437 3719 rel
1458 3653 1564 3739 potius

284 3762 513 3846 compendium,
536 3782 577 3828 ex
600 3783 662 3846 quo
681 3761 789 3828 hausit
808 3761 1002 3844 Cleomedes,
1021 3766 1091 3827 erat
1113 3761 1302 3827 dedicatum.
1348 3758 1422 3844 Quo
1444 3759 1563 3828 factum

283 3873 340 3951 est,
363 3880 400 3935 ut
422 3891 486 3935 101
509 3868 732 3955 compluribus,
759 3869 815 3935 sed
838 3868 984 3935 omnibus
1006 3870 1084 3936 locis
1107 3867 1269 3935 exhiberet
1290 3889 1437 3934 numeros
1459 3872 1497 3934 11
1517 3867 1564 3933 110

286 3976 390 4043 dicam
413 3977 591 4062 populares.
638 3977 797 4044 Constans
820 3983 869 4043 est
891 3978 924 4042 in
946 3978 1077 4043 incuria.

374 4101 481 4189 Supra
503 4103 569 4169 dixi
592 4104 675 4169 inter
692 4102 899 4169 Posidonium
918 4108 950 4169 et
969 4102 1171 4171 cleomedem
1195 4103 1292 4169 alium
1311 4102 1496 4187 scriptorem
1514 4099 1564 4166 vel

283 4210 362 4277 alios
395 4211 562 4296 scriptores
595 4233 663 4277 esse
692 4210 946 4296 interponendos.
993 4209 1196 4296 Quamquam
1224 4216 1331 4277 utrum
1354 4210 1499 4276 0111110
1522 4231 1562 4274 an

283 4319 467 4404 complures,
500 4323 585 4385 certo
608 4320 660 4384 vix
683 4318 849 4385 diiudicari
881 4322 994 4404 potest,
1024 4323 1132 4384 tamen
1156 4319 1329 4402 suspicor
1352 4315 1564 4401 complures

284 4429 484 4509 interesse,
507 4447 579 4492 non
602 4449 723 4493 1111111.
768 4425 922 4492 Eiusdem
946 4426 1030 4492 enim
1049 4425 1271 4510 dispositionis,
1295 4447 1359 4509 qua
1378 4423 1563 4492 Cleomedes

282 4536 392 4617 utitur,
415 4535 621 4602 inveniuntur
643 4534 778 4620 vestigia
800 4533 871 4599 aliis
893 4535 927 4599 in
952 4532 1165 4618 scriptoribus,
1189 4532 1275 4598 velut
1297 4530 1384 4620 apud
1402 4529 1564 4600 Thoonem

284 4644 408 4732 Smym.
435 4643 605 4728 120,1--4.
