3632 5144
709 1171 847 1318 talu
882 1173 934 1296 ll.

269 1368 444 1455 Postquam
468 1371 571 1456 eapite
594 1373 695 1457 primo
724 1372 763 1437 de
792 1370 938 1436 universo
967 1371 1074 1438 libello
1105 1370 1343 1455 disputavimus,
1375 1372 1460 1437 nuuc

181 1476 307 1560 singula
330 1483 501 1544 tractemus
525 1484 558 1544 et
580 1479 688 1544 statim
712 1479 751 1544 de
774 1479 875 1563 primo
898 1478 1012 1563 prioris
1034 1477 1107 1544 libri
1130 1480 1233 1563 capite
1256 1477 1460 1544 instituamus

179 1585 423 1667 inquisitionem.
468 1586 525 1650 Ad
556 1587 642 1670 quod
673 1588 699 1652 si
732 1586 919 1666 accedimus,
950 1585 1110 1652 invenitur
1131 1584 1460 1670 Muellerisententia

180 1692 244 1757 iam
267 1714 365 1777 supra
388 1697 430 1777 (p.
454 1695 486 1777 ὅ)
509 1695 617 1776 citata,
640 1715 704 1777 qua
725 1693 805 1759 illud
827 1715 896 1759 esse
919 1691 1083 1759 Posidonii
1106 1692 1293 1758 declaratur.

270 1799 312 1866 A.
357 1799 586 1867 Examinemus
603 1802 702 1886 igitur
718 1801 807 1867 illum
821 1800 969 1867 Muelleri
988 1822 1162 1866 excursum.
1207 1799 1351 1866 Primum
1369 1799 1459 1866 dicit:

175 1905 404 1992 ¹„Hirnelium¹)
425 1914 510 1974 recte
533 1909 720 1975 iudicavisse
744 1910 933 1994 negaverim,
960 1930 1032 1974 cum
1056 1908 1187 1974 diceret:
1233 1907 1397 1976 Vielmehr
1419 1909 1461 1973 ist

174 2015 283 2100 ,meine
302 1994 546 2102 llberzeugumg,
569 2016 633 2082 dall
652 2017 703 2083 die
721 2015 861 2084 Ansicht
878 2017 934 2082 des
953 2016 1143 2083 Posidonius
1166 2016 1256 2102 (tiber
1274 2014 1336 2081 den
1355 2015 1459 2081 leeren

181 2119 299 2205 Raum)
320 2120 413 2189 lisine
435 2123 534 2189 andro
558 2146 631 2207 war,
654 2124 702 2190 als
725 2125 776 2190 die
799 2123 855 2190 des
874 2121 1073 2190 Aristoteles.
1118 2123 1257 2190 Danach
1279 2173 1289 2190 .
1311 2171 1319 2190 .
1342 2172 1350 2188 .
1374 2122 1460 2207 giebt

181 2250 215 2293 es
246 2227 361 2295 keiuen
393 2230 500 2298 Raum
531 2232 662 2317 jenseits
694 2232 751 2298 der
773 2231 891 2298 Wolt“
935 2232 1009 2317 Ego
1040 2253 1164 2316 quoque
1193 2253 1244 2296 me
1271 2251 1336 2297 non
1358 2231 1404 2295 ire
1426 2231 1459 2294 in

182 2341 289 2419 partes
311 2336 446 2404 Hirzelii
468 2338 627 2423 confiteor,
660 2340 716 2406 sed
745 2339 872 2406 eliade
895 2362 1002 2406 causa.
1046 2338 1157 2406 Hirzol
1188 2340 1272 2404 enim
1304 2337 1359 2403 illo
1389 2337 1459 2404 loco

182 2446 223 2527 (p.
247 2446 436 2530 225-230)
467 2448 513 2512 nil
545 2450 606 2514 nisi
636 2449 849 2515 coniecturam
876 2449 1015 2534 exponit,
1046 2452 1083 2513 ut
1114 2447 1182 2532 ipse
1205 2445 1282 2512 dicit
1304 2448 1346 2531 (p.
1369 2446 1458 2528 230):

179 2549 271 2632 „Das
294 2551 372 2617 alles
395 2554 467 2620 siud
488 2578 550 2621 nur
567 2555 818 2641 Vermutungen,
842 2555 893 2624 die
915 2555 967 2622 ich
989 2554 1079 2621 nieht
1099 2553 1152 2620 fiir
1174 2552 1277 2619 sicher
1299 2552 1459 2638 ausgcben

182 2657 273 2724 will.“
319 2657 411 2743 Quae
434 2661 508 2728 iude
531 2666 702 2746 exstiterat,
725 2663 811 2748 quod
833 2685 870 2730 eo
894 2669 1043 2749 tempore,
1065 2683 1128 2747 quo
1151 2660 1261 2727 Himel
1285 2661 1461 2745 composuit

181 2765 295 2832 librum
320 2789 421 2851 suum,
442 2792 585 2854 pugnare
608 2772 774 2838 videbatur
794 2772 883 2839 locus
900 2770 1091 2838 Laertianus
1114 2791 1186 2835 cum
1208 2768 1278 2834 loco
1296 2767 1460 2833 Philonee.

176 2871 393 2959 LaertDiog.
405 2876 484 2959 VII,
498 2881 560 2944 142
578 2879 658 2945 haec
676 2879 817 2946 exhibet:
839 2881 911 2965 napi
930 2879 987 2946 οὖν
1004 2885 1059 2965 τῆς
1081 2879 1233 2962 γενέσεως
1254 2877 1308 2941 καὶ
1331 2877 1460 2960 φθορᾶς

179 2989 237 3054 ,τοῦ
260 2984 385 3069 κόσμου
409 2987 487 3070 φησὶ
511 3037 641 3052 .....
664 2988 882 3060 Ποσειδώνιος
905 2972 938 3053 ἒυ
960 2988 1081 3072 πρώτῳ
1098 2985 1170 3069 περὶ
1187 2985 1322 3068 κόσμου,
1346 2983 1460 3066 quibus

181 3111 220 3154 ex
229 3090 332 3156 verbis
347 3093 414 3156 iure
425 3093 623 3159 concluditur
634 3095 837 3161 Posidonium
858 3094 1013 3160 muudum
1031 3115 1100 3159 esse
1119 3092 1285 3158 mortalem
1304 3089 1459 3155 arbitrari.

178 3195 361 3281 legebatur
388 3206 499 3265 contra
524 3200 613 3266 locus
636 3202 780 3269 Philonis
806 3229 838 3267 π.
863 3205 1047 3287 ἀφθαρσίας
1069 3203 1195 3286 κόσμου
1219 3220 1244 3264 α
1272 3201 1325 3263 lb:
1370 3198 1458 3282 Βόη-

178 3306 240 3376 θος
263 3313 340 3388 γοῦν
367 3308 421 3372 καὶ
445 3308 646 3382 Ποσιόώνιος
672 3311 726 3375 καί
747 3310 918 3382 Παναίτιος
941 3360 1044 3375 .....
1065 3309 1147 3394 πρὸς
1169 3308 1330 3390 θειότερον
1354 3306 1458 3388 δόγμα

178 3412 214 3477 τό
235 3420 290 3497 τῆς
309 3414 493 3499 ἀφθαρσίας
510 3424 565 3481 τοῦ
584 3418 709 3502 κόσμου
728 3419 845 3490 παντὸς
863 3419 1094 3503 ηὐτυμόίησον.
1139 3413 1259 3495 Himel,
1284 3413 1337 3496 qui
1356 3412 1459 3476 nouus·

179 3517 320 3585 diffidere
352 3523 459 3604 voluit
493 3523 738 3609 discrepantiam
771 3525 952 3591 coniectura
984 3523 1153 3590 dissolvere
1183 3519 1366 3587 conabatur.
1412 3518 1461 3583 At

178 3625 364 3694 iamdudum
386 3629 530 3696 Jacobus
553 3631 697 3718 Bernays
719 3632 809 3718 (tiber
833 3631 883 3697 die
902 3628 1203 3699 Unzerstdrbarlxeit
1224 3627 1280 3695 des
1299 3625 1459 3707 walens,

178 3731 289 3804 Berlin
311 3739 406 3810 1876.
425 3760 454 3821 p.
474 3740 551 3816 248)
569 3761 675 3804 veram
694 3741 832 3806 restituit
849 3739 911 3805 loci
929 3739 1076 3804 Philonci
1098 3738 1279 3803 lectionem:
1325 3735 1459 3818 Βόηθος

179 3848 256 3925 γοῦν
279 3843 298 3906 ὁ
321 3844 478 3917 Σιδώνιος
500 3847 555 3911 καί
572 3847 742 3920 Παναίτιος
760 3850 833 3924 nrt,
856 3868 918 3931 quo
937 3847 1020 3913 facto
1039 3852 1108 3912 tota
1125 3843 1260 3910 Hirzelii
1278 3842 1459 3908 coniectura

180 3953 228 4012 est
250 3970 486 4034 supervacanea
508 3959 541 4018 et
562 3952 684 4021 Laertii
705 3954 794 4020 locus
817 3960 866 4020 est
892 3953 1062 4036 invictus.²)
1106 3951 1224 4036 Itaque
1251 3950 1348 4016 etiam
1377 3945 1456 4012 illud

178 4056 366 4140 placitum,⁰)
397 4081 460 4143 quo
488 4064 677 4128 seutentiam
699 4062 862 4128 Posidonii
890 4061 973 4128 male
995 4060 1190 4126 intellectam
1212 4055 1353 4124 exhiberi
1375 4054 1456 4122 iudi·

179 4165 263 4229 cavit
279 4163 450 4252 Hirzellp.
461 4171 547 4251 229),
569 4170 695 4254 valebit,
718 4169 824 4255 quoad
841 4168 1024 4236 melioribus
1041 4189 1138 4254 quam
1156 4167 1241 4233 illius
1263 4163 1458 4251 argumentis

179 4272 346 4356 probatum
369 4276 430 4340 erit
452 4274 565 4341 falsam
587 4277 631 4344 ibi
655 4279 783 4345 subesse
807 4279 995 4364 opinionem

178 4381 392 4398 Q

174 4481 177 4488 ,
268 4422 291 4488 ¹)
310 4421 414 4482 Hirael.
433 4421 680 4494 Untersucbungen
699 4441 733 4477 au
751 4421 809 4477 Cio.
827 4421 895 4493 phil.
914 4420 994 4476 Solu.
1013 4417 1143 4489 (Leipzig
1162 4416 1242 4485 1877]
1260 4414 1286 4486 Ι,
1304 4433 1331 4486 p.
1351 4417 1413 4470 229.

268 4493 292 4564 ¹)
312 4499 348 4551 ot.
368 4495 471 4564 Hirzel,
491 4494 738 4566 Uutersuclmngen
755 4492 796 4564 II,
817 4498 827 4548 1
850 4512 880 4564 p.
900 4497 950 4548 140
970 4491 1033 4548 adn.

267 4587 291 4648 't
311 4587 368 4643 Aet
394 4587 468 4657 pne.
486 4584 527 4655 11,
546 4589 616 4654 aa
635 4605 663 4656 p.
682 4588 735 4640 aas
755 4581 989 4656 Doxogr.1›i01·:
1034 4563 1252 4634 Ποσειδώνιος
1288 4562 1388 4646 ἔφυσε
1424 4557 1460 4626 τὸ

174 4659 268 4732 ἐκτός
289 4669 346 4726 τοῦ
369 4662 495 4746 κόσμου
520 4661 580 4724 οὐκ
603 4661 742 4744 ἄπειρον,
765 4658 832 4723 ἀλλ’
858 4659 935 4724 ὅσον
953 4657 1114 4740 ,αὔταρκες
1136 4653 1179 4726 είς
1202 4651 1351 4718 oetam
1410 4687 1413 4700 ·
