3632 5144
818 370 858 382 .-
906 333 1034 400 34..

284 545 356 597 cum
388 533 434 596 ita
466 531 537 613 sint,
571 531 710 598 notabile
745 538 793 597 est
825 533 909 617 apud
944 531 1146 598 Cleomedem
1185 533 1318 597 inveniri
1354 532 1432 598 haec
1469 533 1564 599 verba

284 641 324 724 (p.
349 642 401 720 20,
427 643 493 721 10):
524 640 666 724 μηθενὸς
689 643 784 724 αὐτῆς
808 644 860 723 (se.
885 642 954 724 γῆς)
979 639 1138 724 ἀσικήτσα
1153 640 1277 723 ὅσασςῙ),
1307 641 1358 704 vix
1380 641 1507 706 fortuito
1530 644 1563 706 in

283 746 367 811 hano
399 752 521 830 partem
554 747 721 827 inculcata,
755 746 809 810 scd
841 745 913 812 ideo
944 746 996 812 hie
1024 749 1136 831 posita,
1168 747 1253 831 quod
1280 748 1312 810 in
1336 769 1501 831 corporum
1524 749 1563 812 de

283 859 371 918 motu
403 853 617 938 disputatione
652 855 747 919 etiam
782 854 821 918 de
853 853 1104 920 habitationibus
1137 854 1298 939 agebatur.
1346 854 1430 921 Sunt
1456 861 1562 920 autem

283 959 365 1025 haee
388 961 493 1042 verba,
516 983 597 1045 quae
620 984 684 1027 non
707 961 926 1044 neglegantur,
959 983 995 1026 eo
1020 962 1173 1046 digniora,
1205 962 1290 1045 quod
1321 961 1381 1027 hoe
1408 985 1471 1027 uno
1494 963 1563 1028 loco

287 1067 472 1134 Oleomedes
491 1070 632 1153 sequitur
649 1070 837 1133 sententiam
854 1068 892 1133 de
903 1060 1376 1135 zonatemidaPosidoniauam.
1421 1069 1564 1154 Exponit

283 1176 368 1240 enim
390 1177 458 1260 ipse
481 1176 565 1242 hane
587 1175 751 1242 Posidonii
775 1176 951 1240 doctrinam
975 1179 1016 1260 (p.
1041 1179 1103 1259 58),
1132 1176 1188 1241 sed
1211 1199 1248 1242 eo
1271 1178 1410 1260 consilio,
1433 1184 1470 1243 ut
1492 1199 1561 1242 eam

281 1284 541 1368 repellat‚(p.60);
560 1290 592 1349 et
607 1305 664 1368 per
685 1286 972 1367 consequentiama
987 1284 1159 1350 Posidonio
1168 1284 1288 1349 recedit
1297 1285 1392 1349 etiam
1403 1306 1433 1368 p.
1446 1287 1517 1365 154,
1527 1288 1560 1365 33

286 1393 338 1472 22,
366 1394 419 1471 123
445 1394 496 1472 28,
521 1393 549 1455 5.
595 1390 710 1474 Itaque
733 1392 847 1456 mirum
872 1397 928 1473 est,
951 1397 1058 1456 nostro
1081 1391 1151 1457 loeo
1174 1393 1294 1474 (20,10)
1313 1391 1474 1457 Posidonii
1499 1413 1561 1456 ser·

283 1499 350 1562 vari
373 1499 566 1582 opinionem3
590 1519 692 1582 neque
715 1498 824 1563 dubito
850 1498 922 1563 inde
947 1497 1078 1580 efficere,
1100 1521 1164 1564 non
1187 1498 1280 1564 modo
1303 1498 1364 1563 hae
1383 1498 1562 1566 Cleomedis

280 1610 370 1688 parte
394 1610 433 1690 (p.
461 1609 501 1672 18
525 1607 581 1690 sq.)
605 1607 672 1671 eius
696 1606 822 1671 subesse
847 1605 1031 1687 doctrinam,
1061 1606 1235 1671 sedetiam
1260 1605 1406 1672 omnibus
1429 1605 1506 1672 loeis
1528 1607 1561 1670 in

282 1712 393 1777 tabula
415 1720 524 1779 nostra
547 1715 660 1779 citatis.
1572 1725 1575 1731 '

294 1843 296 1847 ’
368 1838 426 1903 Ad
448 1838 655 1905 Posidonium
678 1840 775 1923 igitur
798 1841 964 1905 revertitur
987 1846 1020 1905 et
1042 1843 1061 1925 ἡ
1080 1842 1263 1905 διδασκαλία
1279 1848 1334 1925 τῆς
1349 1841 1398 1905 ε’πὶ
1412 1840 1448 1904 τὸ
1463 1829 1566 1923 μέσονΙ

283 1952 387 2030 φορᾶς
410 1953 474 2011 τῶν
496 1950 625 2031 βαρέων
648 1949 807 2029 σωμάτων
838 1953 870 2012 et
893 1953 1113 2030 argumentum
1144 1947 1231 2025 illud,
1263 1969 1326 2030 quo
1358 1946 1451 2011 simul
1473 1946 1560 2011 Peri-

283 2053 438 2136 pateticos
461 2059 494 2118 et
515 2054 717 2138 Epicureos2)
740 2077 760 2118 a
785 2054 954 2120 Cleomede
978 2058 1018 2138 (p.
1045 2055 1156 2137 10,18)
1174 2053 1304 2119 refutari
1328 2076 1424 2138 supra
1446 2066 1487 2138 tp.
1506 2054 1561 2134 32)

283 2161 460 2226 statuimus.
506 2160 581 2226 Nou
604 2162 636 2225 in
661 2184 697 2226 eo
721 2160 879 2227 offendere
904 2162 1007 2243 debes,
1038 2161 1123 2245 quod
1153 2161 1239 2246 apud
1262 2161 1428 2227 Philonem
1455 2161 1559 2244 legisti

281 2267 342 2348 „ad
371 2270 589 2334 immensam
619 2271 828 2335 vacuitatem“
859 2277 891 2335 et
920 2269 1006 2354 apud
1036 2266 1196 2334 Achillem
1225 2279 1312 2354 κενῷ
1341 2272 1373 2334 ἐν
1403 2270 1561 2352 ἀπείρῳ,

280 2395 471 2459 quamquam
487 2376 686 2457 Posidonius
704 2383 741 2442 ut
759 2378 837 2442 satis
855 2379 1043 2458 monuimus,
1062 2399 1196 2442 uacuum
1216 2398 1283 2441 esse
1302 2374 1426 2441 finitum
1446 2376 1561 2441 docuit

280 2480 365 2547 Fieri
390 2485 474 2547 enim
496 2485 608 2568 potuit,
636 2490 673 2549 ut
698 2506 769 2549 cum
792 2484 1006 2566 Posidonium,
1037 2485 1122 2568 quod
1150 2486 1264 2549 attinet
1286 2485 1328 2549 ad
1350 2489 1471 2549 motum
1494 2505 1560 2548 eor-

279 2611 400 2672 porum,
424 2597 638 2672 sequerentur,
663 2593 696 2656 in
721 2613 820 2657 vacuo
841 2591 1046 2656 describendo
1065 2592 1106 2656 ab
1126 2593 1193 2657 eius
1210 2591 1354 2676 partibus
1373 2591 1562 2656 decederent

281 2697 313 2758 in
347 2697 526 2780 generalem
560 2697 738 2764 Stoicorum
771 2701 969 2765 sententiam.
1039 2697 1144 2782 Quam
1182 2700 1385 2783 neglegenter
1416 2697 1561 2764 Achilles

282 2804 408 2886 quidem
431 2805 481 2869 his
504 2807 538 2869 in
561 2806 655 2871 rebus
678 2813 820 2872 versatus
844 2809 893 2888 sit,
917 2812 1051 2891 apparet
1074 2807 1155 2889 inde,
1179 2807 1264 2891 quod
1286 2808 1397 2891 paucis
1420 2805 1560 2872 versibus

281 2917 354 2976 ante
378 2914 414 2996 (c.
440 2916 471 2994 8)
496 2912 621 2980 Stoicos
644 2913 768 2978 finitum
791 2921 920 2998 putasse
943 2936 1077 2980 vacuum
1101 2914 1186 2996 dicit,
1216 2915 1319 2999 capite
1348 2920 1453 2980 autem
1476 2936 1559 2979 nono

282 3017 449 3084 infinitum.
494 3020 595 3105 Apud
620 3021 822 3088 Cleomedem
845 3028 952 3087 nostro
975 3022 1044 3086 loeo
1068 3024 1131 3106 (10,
1151 3023 1205 3103 22)
1227 3021 1361 3105 legimus
1383 3023 1483 3088 solum
1509 3024 1559 3086 ὀιά

279 3134 335 3191 τοῦ
358 3137 461 3193 κενοῦ.
486 3167 528 3177 -
552 3127 726 3194 Muellerus
752 3131 846 3212 igitur
868 3130 888 3192 l.
907 3129 926 3192 l.
945 3152 975 3212 p.
996 3133 1047 3210 36,
1071 3152 1262 3213 quamquam
1286 3136 1474 3214 argumenta
1496 3152 1559 3194 non

280 3235 438 3318 attulerat,
471 3242 577 3301 tamen
609 3243 694 3302 recto
727 3237 947 3320 suspicabatur
979 3259 1026 3318 ea,
1055 3259 1136 3320 quae
1161 3237 1347 3304 Cleomedes
1369 3261 1399 3322 p.
1427 3241 1476 3321 10,
1502 3239 1560 3340 203

283 3346 389 3442 18,17;
415 3346 509 3425 2013
533 3344 660 3429 profert,
684 3345 727 3410 ad
750 3344 956 3410 Posidonium
980 3352 1130 3430 spectare.

371 3578 391 3646 ¹)
411 3577 498 3646 Quem
517 3595 578 3646 gen.
597 3577 654 3630 abs.
673 3595 727 3630 non
746 3577 785 3629 itu
801 3583 832 3631 ut
841 3577 948 3647 Zieglor
966 3583 1078 3647 vortam,
1099 3578 1145 3646 qui
1162 3579 1239 3633 illum
1249 3578 1410 3633 inversione
1420 3580 1559 3652 subiungit

282 3649 421 3703 enuntiato
440 3650 628 3719 hypothetice.
642 3649 779 3716 Equidem
798 3658 887 3704 verto:
926 3651 1069 3718 „quoniam
1092 3650 1182 3704 nulla
1200 3651 1257 3704 eius
1276 3668 1352 3719 pars
1370 3652 1559 3707 inhabitata

284 3723 349 3775 est.“
390 3721 561 3790 Quamquam
588 3721 662 3774 haud
689 3721 780 3775 neseio
809 3721 997 3775 difficultatem
1026 3723 1089 3776 indo
1116 3722 1180 3775 oriri
1203 3722 1278 3791 quod
1298 3722 1334 3777 de
1358 3724 1432 3776 zonis
1450 3725 1559 3778 creticis

282 3792 350 3845 nihil
370 3807 475 3848 eertum
494 3798 546 3860 est,
576 3793 609 3846 do
629 3793 726 3860 quibus
746 3793 850 3861 antiqui
868 3811 921 3846 non
941 3794 1093 3862 disputasse
1112 3794 1245 3861 videntur,
1269 3794 1303 3847 ef.
1323 3795 1422 3848 Strabo
1440 3793 1464 3863 I,
1484 3799 1508 3861 4,
1531 3801 1557 3864 1;

281 3863 392 3934 Berger,
423 3864 522 3919 Geseh.
551 3865 600 3918 der
626 3864 783 3918 wissensch.
807 3863 956 3918 Erdkuide
980 3867 1028 3919 der
1047 3864 1181 3920 Grieehen
1200 3884 1228 3934 p.
1247 3869 1299 3920 394
1318 3867 1370 3936 eq.2
1408 3867 1511 3922 Oleum.
1530 3887 1558 3937 p.

282 3939 361 4003 22,42
381 3954 426 3990 aas
445 3943 558 4006 propter
575 3936 639 4005 gelu
657 3936 849 3989 inhabitabiles
869 3954 926 3990 esse
946 3937 1021 3992 dicit.
1059 3937 1114 3990 Sed
1133 3939 1190 3991 noli
1208 3939 1351 4008 neglegere
1365 3938 1469 3994 Gleom.
1484 3943 1557 4008 28,8;

278 4009 438 4092 φιλόζῳσς
454 4009 513 4091 γὰρ
530 4012 549 4092 ἡ
566 4011 660 4093 φύσις
675 4010 728 4072 καὶ
744 4010 826 4073 ὅπου
845 4010 978 4074 δυνατὸν
996 4018 1049 4093 τῆς
1065 4019 1122 4094 γῆς
1143 4013 1244 4074 πάντα
1265 4011 1483 4096 ἐμπεπλῆσθαι
1504 4013 1558 4076 καὶ

277 4098 416 4179 λογικῶν
439 4099 536 4181 ζῴων
559 4100 612 4163 καὶ
635 4099 769 4181 ἀλόγων,
793 4100 887 4180 λόγος
910 4103 996 4182 αἱρεῖ.
1033 4116 1140 4169 Similia
1165 4116 1247 4170 refert
1265 4115 1358 4171 chalc.
1376 4117 1405 4170 in
1424 4117 1466 4172 Pl.
1486 4105 1571 4172 Tim(

278 4203 302 4239 o.
324 4191 375 4240 129
394 4186 501 4254 (Mull):
542 4205 590 4254 „ne
610 4188 670 4255 quis
688 4186 784 4240 mundi
802 4186 878 4241 locus
898 4188 1020 4241 desertus
1038 4187 1230 4255 relinquatur.“
1270 4188 1350 4242 Philo
1374 4189 1408 4242 de
1427 4207 1513 4244 somn.
1532 4189 1557 4243 Ι.

277 4275 293 4345 §
313 4279 347 4329 22
368 4275 403 4345 (Ι,
423 4294 450 4344 p.
471 4279 519 4330 641
542 4275 596 4342 Μ);
624 4262 724 4323 πάντα
747 4260 784 4323 τὰ
807 4270 853 4342 τῷ
875 4269 988 4344 ποιητῇ
1010 4268 1066 4325 τοῦ
1089 4261 1214 4343 κόσμου
1232 4263 1314 4346 μέρη
1333 4261 1431 4326 καλὸν
1450 4263 1557 4337 ἔδοξεν

277 4350 352 4413 εἶναι
376 4350 472 4432 ζῴων
496 4351 679 4433 ἀναπλῆσαι.
708 4398 741 4406 -
771 4366 859 4419 'Phole
884 4373 955 4420 certe
979 4366 1066 4421 insula
1084 4366 1231 4434 putabatur
1249 4366 1372 4420 habitatu
1390 4367 1510 4437 (Berger,
1528 4386 1556 4436 p.

277 4435 356 4505 3442)
393 4438 449 4491 Sub
469 4437 540 4506 polis
558 4451 649 4491 autem
668 4456 733 4491 uum
753 4438 863 4492 omnine
884 4444 985 4492 terram
1008 4456 1066 4492 osso
1092 4439 1196 4505 antiqui
1222 4439 1385 4508 censuerint,
1412 4441 1566 4508 nescimus„

278 4508 344 4563 Veri
364 4514 405 4563 est
422 4509 510 4562 similo
528 4527 583 4563 non
602 4515 701 4562 terram
719 4509 758 4561 ibi
778 4527 844 4578 osse,
871 4511 919 4563 sod
942 4527 1016 4563 mere
1045 4509 1227 4580 congelatum,
1256 4510 1330 4578 quod
1348 4510 1465 4565 habituri
1492 4528 1557 4566 sune

277 4597 332 4634 non
350 4582 448 4650 potuit,
468 4583 506 4635 eis
525 4582 606 4634 fuisso
624 4599 791 4650 persuasum.

364 4669 385 4742 ²)
405 4671 439 4728 ef.
459 4671 549 4726 Laert.
569 4671 653 4744 Diog.
672 4669 707 4744 X,
728 4676 752 4728 4.
808 4669 810 4673 ’
