3618 5164
778 344 994 410 ..69-

244 541 412 620 computet
457 533 596 603 Accedit
603 538 688 622 quod
699 577 740 589 -·
750 540 965 625 utiampaulo
984 546 1058 608 ante
1076 543 1119 626 (p.
1139 543 1256 624 146‚26
1275 544 1333 627 sq.)
1350 580 1390 590 -
1409 566 1518 610 vocem

243 643 494 728 magnitudinem
523 666 588 710 uon
617 644 772 712 diiudicat
794 646 998 732 distinguitve
1022 670 1042 714 a
1063 669 1140 715 voce
1163 647 1354 730 „diametro“
1377 649 1426 733 (ef.
1448 673 1521 737 pag.

246 753 361 832 148,Ιῖ
386 755 472 837 sq.).‘·'
517 751 592 818 Hoc
613 753 662 820 vir
684 753 795 820 doctus
818 751 945 820 Arnold
968 756 1073 822 minus
1096 761 1189 822 acute
1212 757 1410 841 excogitavit

333 857 406 943 Ego
429 859 493 924 iam
516 881 612 944 supra
635 860 733 928 malui
757 860 910 928 dividere:
957 861 1114 948 Spatium,
1143 861 1229 948 quod
1251 869 1301 930 est
1326 864 1408 929 inter
1430 863 1528 930 solem

244 970 277 1030 et
307 971 433 1048 terram,
466 968 650 1034 65000000
682 968 763 1034 stad.
796 990 865 1035 esse
898 969 1133 1036 demonstratur
1162 992 1195 1056 p.
1228 973 1345 1052 148,23
1360 973 1527 1063 -150‚10;

244 1077 412 1156 postremo,
435 1095 508 1139 cum
536 1075 680 1158 circulus,
707 1097 801 1162 quern
825 1076 873 1142 sol
896 1076 1012 1143 cotidie
1034 1082 1206 1163 percurrat,
1239 1076 1387 1144 dimidios
1409 1077 1527 1163 gradus

243 1178 364 1246 habeat
385 1182 601 1266 septingentos
624 1189 658 1250 et
672 1184 793 1268 viginti,
817 1183 891 1250 solis
916 1182 1106 1250 diametrum
1130 1205 1199 1251 esse
1221 1185 1375 1251 minorem
1398 1183 1528 1250 dimidio

245 1285 346 1372 gradu
369 1289 498 1373 exponit
525 1291 739 1373 150,10-23.
784 1290 921 1357 Affinno
945 1293 1050 1377 igitur,
1083 1313 1147 1358 non
1180 1291 1359 1376 separanda
1388 1313 1456 1357 esse
1479 1314 1527 1375 ea,

244 1415 326 1479 quae
349 1401 477 1462 exstant
506 1419 537 1482 p.
571 1399 866 1481 148,27-150,10,
898 1398 939 1465 ab
971 1400 1019 1482 iis,
1050 1420 1133 1484 quae
1160 1421 1191 1484 p.
1216 1401 1420 1482 148‚23-2t
1455 1404 1530 1464 sunt

244 1502 372 1586 scripte
418 1502 572 1571 Versibus
591 1507 674 1571 enim
687 1504 791 1589 Arati,
810 1527 890 1592 quos
910 1506 1098 1574 (lleomedes
1116 1529 1146 1592 p.
1167 1509 1262 1590 150,4
1274 1508 1351 1572 -10
1363 1528 1528 1603 —nempe

247 1606 316 1675 fuse
338 1615 372 1677 et
394 1612 520 1695 garrule
545 1649 586 1661 -
610 1619 849 1698 commentatur,
872 1636 978 1682 carere
1002 1636 1066 1681 non
1088 1636 1264 1700 possumus,
1287 1619 1396 1700 utpote
1415 1612 1529 1698 quibus

249 1716 445 1802 explicentur
461 1719 558 1786 verba
576 1727 672 1787 antea
689 1725 731 1806 (p.
752 1724 881 1806 148,23)
899 1722 1036 1788 breviter
1054 1721 1141 1788 dicta
1157 1729 1213 1788 τοῦ
1233 1723 1268 1788 δὲ
1286 1723 1407 1788 κύκλου
1430 1723 1528 1786 αὐτοῦ

248 1827 477 1912 παραπλησίως
497 1838 545 1913 τῷ
566 1831 720 1914 ζῳὸιακῷ
742 1832 786 1903 εἰς
809 1831 937 1897 δώδεκα
964 1832 1158 1916 τεμνομένου
1186 1831 1248 1895 κτλ.
1282 1866 1324 1877 -
1358 1827 1424 1896 Gur
1454 1848 1528 1893 vero

249 1931 378 1998 ultimas
409 1932 503 2000 huius
533 1937 635 2022 partis
664 1939 915 2023 computationes
938 1937 1170 2023 (loono-23)
1201 1937 1329 2003 omnino
1356 1933 1531 2019 neglexerit

251 2037 385 2124 arnold,
407 2044 522 2108 nescio.
571 2042 680 2130 Neque
712 2046 797 2111 enim
828 2046 890 2112 hoc
919 2044 989 2112 loco
1021 2044 1205 2130 simpliciter
1237 2042 1311 2109 solis
1342 2040 1529 2126 magnitudo

248 2149 363 2238 iterum
394 2156 604 2235 computatur,
635 2153 720 2237 quod
752 2151 879 2220 Arnold
911 2155 1017 2235 sensit,
1050 2151 1106 2218 sed
1138 2152 1213 2218 solis
1243 2150 1433 2216 diametrum
1460 2170 1529 2214 esse

248 2256 401 2323 minorem
420 2257 551 2325 dimidio
569 2259 671 2344 gradu
689 2260 764 2326 solis
783 2261 891 2328 circuli
910 2261 1152 2327 demonstratur.
1197 2258 1286 2324 Huic
1299 2257 1417 2323 rationi
1425 2256 1528 2322 maius

248 2370 442 2431 momentum
465 2366 603 2433 concedo
626 2388 722 2452 quarn
740 2367 876 2451 Amold,
899 2370 975 2453 quia
997 2389 1036 2434 ea
1058 2365 1145 2433 haud
1168 2364 1289 2433 inutilis
1312 2369 1388 2431 erat
1435 2361 1527 2432 Oleo·

248 2470 356 2537 medes
378 2474 464 2538 enim
486 2475 554 2560 ipse
576 2475 664 2542 illam
688 2475 827 2558 adhibet
858 2482 895 2543 ut
926 2475 1025 2543 solem
1054 2475 1154 2542 multo
1177 2475 1329 2540 maiorem
1352 2492 1420 2538 esse
1443 2476 1529 2538 terra

248 2578 404 2662 ostendat,
426 2603 456 2667 p.
482 2585 521 2648 11
526 2585 586 2664 o‚1.
631 2581 736 2652 Valde
759 2589 867 2651 autern
889 2585 985 2650 miror
1007 2581 1198 2664 Amoldum‚
1220 2601 1413 2667 quamquam
1435 2578 1527 2647 (lleo-

249 2686 374 2753 medem
392 2710 422 2773 p.
444 2692 507 2756 150
525 2689 640 2756 referre
658 2713 761 2776 nugas
779 2690 956 2773 affinnavit
980 2690 1060 2757 illud
1078 2691 1287 2770 enuntiatum,
1310 2686 1396 2774 quod
1413 2685 1529 2771 legitur

250 2797 509 2878 lusto-1703
542 2819 606 2864 non
637 2797 732 2865 modo
763 2798 911 2865 exhibere
940 2796 1116 2865 doctrinam
1140 2796 1312 2877 Posidonii,
1344 2793 1400 2860 sed
1431 2794 1528 2860 etiarn

247 2902 347 2987 ipsius
370 2923 438 2971 esse
460 2904 558 2971 verba
579 2905 669 2972 salva
691 2912 786 2991 atque
808 2908 933 2991 integra
961 2906 1085 2990 opinari
1112 2908 1153 2989 (p.
1178 2906 1219 2970 52
1243 2904 1308 2987 sql.
1354 2899 1525 2986 Quomodo

247 3008 316 3076 fieri
347 3017 460 3096 potest,
489 3019 534 3096 ut,
556 3013 642 3098 quod
670 3013 856 3082 Oleomedes
879 3014 998 3099 garriit,
1029 3034 1067 3079 eo
1090 3011 1280 3078 Posidonius
1302 3014 1411 3075 utatur
1434 3029 1526 3092 argu-

248 3115 379 3185 mento?
424 3117 496 3186 Aut
517 3126 650 3205 utroque
673 3121 743 3188 loco
766 3120 874 3187 subest
895 3120 1112 3187 Posidoniana
1145 3118 1291 3185 doctrina
1323 3121 1380 3181 aut
1405 3119 1525 3180 neutro.

248 3223 456 3292 Manifestum
480 3233 537 3310 est
559 3228 637 3312 quid
667 3251 726 3314 ego
754 3230 897 3294 sentiam.
942 3227 1058 3295 Totam
1088 3227 1171 3292 hanc
1199 3231 1323 3310 partem
1346 3224 1521 3309 (iratr-

250 3335 378 3418 150‚23)
402 3334 548 3403 abiudico
571 3335 752 3403 Posidonio.
776 3375 818 3386 —-
842 3336 957 3421 Itaque
980 3353 1044 3402 non
1063 3332 1200 3400 Amoldi
1224 3332 1281 3398 sed
1302 3352 1374 3397 mea
1397 3329 1525 3395 fulcitur

248 3443 405 3508 sententia
436 3442 548 3527 verbis,
580 3443 694 3528 quibus
717 3441 843 3510 Amold
866 3448 907 3529 (p.
931 3445 987 3527 46)
1011 3441 1214 3511 cleomedem
1241 3461 1305 3506 non
1332 3438 1526 3523 distinguere

247 3569 356 3615 vocem
373 3551 662 3636 „magnitudinem“
680 3574 701 3618 a
718 3573 793 3619 voce
812 3551 1002 3634 ,.diametro“
1021 3550 1225 3616 demonstrat.
1272 3545 1423 3615 Confusio
1441 3545 1525 3611 enim

248 3655 328 3725 haec
349 3680 414 3724 non
436 3659 530 3726 modo
552 3682 582 3746 p.
608 3663 734 3742 148,17,
763 3659 820 3725 sed
849 3661 946 3725 etiam
967 3681 998 3748 p.
1024 3659 1140 3740 146‚26
1165 3655 1399 3740 adinvenitur,
1430 3673 1525 3738 quern

247 3764 352 3833 locum
374 3766 491 3832 iniuria
512 3766 624 3835 tribuit
645 3765 772 3834 Arnold
794 3766 982 3852 philosopho
1004 3764 1209 3851 Apameensi.

337 3900 365 3960 γ.
388 3873 504 3942 Restat
525 3880 563 3942 ut
583 3897 687 3961 pauca
710 3875 814 3941 dicam
836 3874 876 3940 de
905 3873 1001 3940 tertia
1024 3871 1204 3941 Cleomedis
1234 3870 1347 3937 lunae
1379 3866 1526 3933 diamani

248 3985 485 4070 computatione
507 3987 549 4070 (p.
576 3984 779 4067 leat-20),
810 4019 854 4030 —-
886 3981 926 4048 ‹le
957 3982 1053 4047 tertia
1084 3979 1176 4046 solis
1208 3976 1354 4044 diametri
1377 3995 1525 4040 mensura

248 4092 313 4158 iarn
345 4097 451 4158 actum
482 4097 532 4158 est
559 4092 685 4178 paginis
721 4087 1018 4176 praecedentibus1).
1071 4085 1177 4156 Valde
1207 4085 1319 4152 rudem
1350 4104 1420 4150 esse
1454 4103 1525 4147 earn

249 4205 391 4287 apparet
436 4198 548 4266 Irunae
566 4201 651 4266 enim
668 4199 703 4266 in
722 4198 797 4266 solis
815 4197 989 4264 defectione
1008 4195 1119 4262 similis
1137 4214 1216 4260 eono
1230 4188 1524 4275 umbraponigitur

248 4308 321 4395 plus
343 4312 493 4394 quattuor
514 4306 604 4372 milia
625 4307 800 4373 stadiorum
823 4328 880 4391 per
902 4310 1028 4386 terram,
1050 4324 1114 4387 qua
1136 4323 1176 4367 ex
1197 4322 1231 4366 re
1249 4319 1371 4366 summo
1390 4299 1457 4362 inre
1476 4300 1526 4361 est

250 4414 501 4482 concludendum
520 4414 709 4481 diametrum
726 4416 829 4501 ipsam
847 4413 951 4491 lunae,
969 4431 1052 4497 quae
1069 4415 1119 4475 est
1135 4409 1207 4475 coni
1224 4406 1319 4488 basis,
1337 4425 1406 4471 esse
1419 4401 1525 4470 multi-

250 4523 377 4609 plicem3
410 4528 488 4609 quot
514 4522 597 4611 vero}
619 4522 750 4589 umbrae
781 4521 927 4587 diametri
948 4519 1047 4586 insint
1067 4517 1101 4583 in
1123 4516 1223 4608 ipsius
1244 4513 1340 4588 lunae
1362 4511 1527 4600 diametro,

341 4707 364 4782 ¹)
383 4707 418 4762 cl.
438 4723 520 4782 snpra
537 4723 565 4780 p.
584 4707 618 4764 04
638 4721 678 4779 sq.
