<?xml version="1.0" encoding="UTF-8"?>
<!DOCTYPE html PUBLIC "-//W3C//DTD XHTML 1.0 Transitional//EN"
    "http://www.w3.org/TR/xhtml1/DTD/xhtml1-transitional.dtd">
<html xmlns="http://www.w3.org/1999/xhtml" xml:lang="en" lang="en">
 <head>
  <title>
</title>
<meta http-equiv="Content-Type" content="text/html;charset=utf-8" />
  <meta name='ocr-system' content='tesseract 3.04.00' />
  <meta name='ocr-capabilities' content='ocr_page ocr_carea ocr_par ocr_line ocrx_word'/>
</head>
<body>
  <div class='ocr_page' id='page_1' title='image "./quaestionescleo00boergoog_0080.png"; bbox 0 0 3618 5164; ppageno 0'>
   <div class='ocr_carea' id='block_1_1' title="bbox 765 315 985 378">
    <p class='ocr_par' dir='ltr' id='par_1_1' title="bbox 765 315 985 378">
     <span class='ocr_line' id='line_1_1' title="bbox 765 315 985 378; baseline 0.005 -16"><span class='ocrx_word' id='word_1_1' title='bbox 765 315 985 378; x_wconf 77' lang='lat'>...71-</span> 
     </span>
    </p>
   </div>
   <div class='ocr_carea' id='block_1_2' title="bbox 233 507 1517 1344">
    <p class='ocr_par' dir='ltr' id='par_1_2' title="bbox 233 507 1517 1344">
     <span class='ocr_line' id='line_1_2' title="bbox 234 507 1515 594; baseline 0.002 -20"><span class='ocrx_word' id='word_1_2' title='bbox 234 508 349 593; x_wconf 87' lang='lat' dir='ltr'><strong>quibus</strong></span> <span class='ocrx_word' id='word_1_3' title='bbox 380 515 509 594; x_wconf 88' lang='lat' dir='ltr'><strong>propter</strong></span> <span class='ocrx_word' id='word_1_4' title='bbox 530 508 627 574; x_wconf 90' lang='lat' dir='ltr'><strong>verba</strong></span> <span class='ocrx_word' id='word_1_5' title='bbox 658 509 721 575; x_wconf 85' lang='lat' dir='ltr'><strong>ista</strong></span> <span class='ocrx_word' id='word_1_6' title='bbox 750 508 850 575; x_wconf 88' lang='lat' dir='ltr'><strong>allata</strong></span> <span class='ocrx_word' id='word_1_7' title='bbox 872 529 940 574; x_wconf 86' lang='lat' dir='ltr'><strong>esse</strong></span> <span class='ocrx_word' id='word_1_8' title='bbox 963 515 1084 576; x_wconf 88' lang='lat' dir='ltr'><strong>certum</strong></span> <span class='ocrx_word' id='word_1_9' title='bbox 1107 507 1279 593; x_wconf 85' lang='lat' dir='ltr'><strong>confidunt,</strong></span> <span class='ocrx_word' id='word_1_10' title='bbox 1312 509 1515 577; x_wconf 79' lang='lat' dir='ltr'><strong>Cleomedem</strong></span> 
     </span>
     <span class='ocr_line' id='line_1_3' title="bbox 234 615 1516 700; baseline 0.002 -20"><span class='ocrx_word' id='word_1_11' title='bbox 234 616 391 681; x_wconf 87' lang='lat' dir='ltr'><strong>artissime</strong></span> <span class='ocrx_word' id='word_1_12' title='bbox 433 615 599 681; x_wconf 84' lang='lat' dir='ltr'><strong>cohaerere</strong></span> <span class='ocrx_word' id='word_1_13' title='bbox 640 638 713 682; x_wconf 92' lang='lat' dir='ltr'><strong>cum</strong></span> <span class='ocrx_word' id='word_1_14' title='bbox 751 615 931 698; x_wconf 88' lang='lat' dir='ltr'><strong>Posidonio,</strong></span> <span class='ocrx_word' id='word_1_15' title='bbox 971 638 1164 700; x_wconf 87' lang='lat' dir='ltr'><strong>quamquam</strong></span> <span class='ocrx_word' id='word_1_16' title='bbox 1205 621 1280 682; x_wconf 86' lang='lat' dir='ltr'><strong>ante</strong></span> <span class='ocrx_word' id='word_1_17' title='bbox 1317 615 1516 700; x_wconf 74' lang='lat' dir='ltr'><strong>Mammium,</strong></span> 
     </span>
     <span class='ocr_line' id='line_1_4' title="bbox 234 722 1514 809; baseline 0.001 -21"><span class='ocrx_word' id='word_1_18' title='bbox 234 722 435 800; x_wconf 82' lang='lat' dir='ltr'>Muellerum,</span> <span class='ocrx_word' id='word_1_19' title='bbox 458 722 639 789; x_wconf 88' lang='lat' dir='ltr'><strong>Arnoldum</strong></span> <span class='ocrx_word' id='word_1_20' title='bbox 661 744 754 789; x_wconf 88' lang='lat' dir='ltr'><strong>nemo</strong></span> <span class='ocrx_word' id='word_1_21' title='bbox 778 725 957 789; x_wconf 73' lang='lat' dir='ltr'><strong>accuratius</strong></span> <span class='ocrx_word' id='word_1_22' title='bbox 976 723 1016 789; x_wconf 90' lang='lat' dir='ltr'><strong>de</strong></span> <span class='ocrx_word' id='word_1_23' title='bbox 1033 723 1213 790; x_wconf 81' lang='lat' dir='ltr'><strong>Cleomedis</strong></span> <span class='ocrx_word' id='word_1_24' title='bbox 1235 722 1374 790; x_wconf 84' lang='lat' dir='ltr'><strong>fontibus</strong></span> <span class='ocrx_word' id='word_1_25' title='bbox 1397 731 1514 809; x_wconf 81' lang='lat' dir='ltr'><strong>egerat.</strong></span> 
     </span>
     <span class='ocr_line' id='line_1_5' title="bbox 237 829 1516 915; baseline 0.002 -20"><span class='ocrx_word' id='word_1_26' title='bbox 237 869 275 878; x_wconf 93' lang='lat'>—</span> <span class='ocrx_word' id='word_1_27' title='bbox 300 830 372 896; x_wconf 92' lang='lat' dir='ltr'><strong>Iam</strong></span> <span class='ocrx_word' id='word_1_28' title='bbox 396 851 492 915; x_wconf 84' lang='lat' dir='ltr'><strong>supra</strong></span> <span class='ocrx_word' id='word_1_29' title='bbox 514 837 555 915; x_wconf 83' lang='lat' dir='ltr'><strong>(p.</strong></span> <span class='ocrx_word' id='word_1_30' title='bbox 581 833 724 912; x_wconf 82' lang='lat'>11-12)</span> <span class='ocrx_word' id='word_1_31' title='bbox 747 831 951 914; x_wconf 81' lang='lat' dir='ltr'><strong>exposuimus</strong></span> <span class='ocrx_word' id='word_1_32' title='bbox 975 829 1070 915; x_wconf 88' lang='lat' dir='ltr'><strong>plane</strong></span> <span class='ocrx_word' id='word_1_33' title='bbox 1093 830 1158 897; x_wconf 88' lang='lat' dir='ltr'><strong>alia</strong></span> <span class='ocrx_word' id='word_1_34' title='bbox 1180 852 1238 897; x_wconf 92' lang='lat' dir='ltr'><strong>nos</strong></span> <span class='ocrx_word' id='word_1_35' title='bbox 1260 832 1308 897; x_wconf 89' lang='lat' dir='ltr'><strong>uti</strong></span> <span class='ocrx_word' id='word_1_36' title='bbox 1323 831 1446 897; x_wconf 88' lang='lat' dir='ltr'><strong>ratione</strong></span> <span class='ocrx_word' id='word_1_37' title='bbox 1469 837 1516 897; x_wconf 87' lang='lat' dir='ltr'><strong>at-</strong></span> 
     </span>
     <span class='ocr_line' id='line_1_6' title="bbox 234 937 1515 1024; baseline 0.001 -21"><span class='ocrx_word' id='word_1_38' title='bbox 234 959 295 1021; x_wconf 88' lang='lat' dir='ltr'><strong>que</strong></span> <span class='ocrx_word' id='word_1_39' title='bbox 317 937 462 1003; x_wconf 86' lang='lat' dir='ltr'><strong>hostros</strong></span> <span class='ocrx_word' id='word_1_40' title='bbox 484 937 567 1003; x_wconf 90' lang='lat' dir='ltr'><strong>viros</strong></span> <span class='ocrx_word' id='word_1_41' title='bbox 590 937 708 1004; x_wconf 89' lang='lat' dir='ltr'><strong>doctos.</strong></span> <span class='ocrx_word' id='word_1_42' title='bbox 753 937 806 1002; x_wconf 82' lang='lat' dir='ltr'><strong>Ex</strong></span> <span class='ocrx_word' id='word_1_43' title='bbox 825 937 1005 1004; x_wconf 84' lang='lat' dir='ltr'><strong>Oleomedis</strong></span> <span class='ocrx_word' id='word_1_44' title='bbox 1027 937 1113 1004; x_wconf 89' lang='lat' dir='ltr'><strong>enim</strong></span> <span class='ocrx_word' id='word_1_45' title='bbox 1134 937 1235 1022; x_wconf 91' lang='lat' dir='ltr'><strong>ipsius</strong></span> <span class='ocrx_word' id='word_1_46' title='bbox 1257 937 1365 1005; x_wconf 91' lang='lat' dir='ltr'><strong>libello</strong></span> <span class='ocrx_word' id='word_1_47' title='bbox 1382 937 1515 1024; x_wconf 86' lang='lat' dir='ltr'><strong>profecti</strong></span> 
     </span>
     <span class='ocr_line' id='line_1_7' title="bbox 233 1043 1517 1130; baseline 0.001 -20"><span class='ocrx_word' id='word_1_48' title='bbox 233 1045 502 1129; x_wconf 77' lang='lat' dir='ltr'><strong>investigavimus,</strong></span> <span class='ocrx_word' id='word_1_49' title='bbox 533 1067 610 1110; x_wconf 93' lang='lat' dir='ltr'><strong>num</strong></span> <span class='ocrx_word' id='word_1_50' title='bbox 633 1045 662 1110; x_wconf 89' lang='lat' dir='ltr'><strong>ei</strong></span> <span class='ocrx_word' id='word_1_51' title='bbox 685 1043 789 1111; x_wconf 87' lang='lat' dir='ltr'><strong>subsit</strong></span> <span class='ocrx_word' id='word_1_52' title='bbox 810 1045 949 1130; x_wconf 87' lang='lat' dir='ltr'><strong>genuina</strong></span> <span class='ocrx_word' id='word_1_53' title='bbox 971 1043 1137 1111; x_wconf 87' lang='lat' dir='ltr'><strong>Posidonii</strong></span> <span class='ocrx_word' id='word_1_54' title='bbox 1165 1046 1331 1126; x_wconf 84' lang='lat' dir='ltr'><strong>sententia,</strong></span> <span class='ocrx_word' id='word_1_55' title='bbox 1362 1046 1517 1130; x_wconf 86' lang='lat' dir='ltr'><strong>imprimis</strong></span> 
     </span>
     <span class='ocr_line' id='line_1_8' title="bbox 235 1147 1517 1238; baseline 0.002 -22"><span class='ocrx_word' id='word_1_56' title='bbox 235 1157 342 1217; x_wconf 83' lang='lat' dir='ltr'><strong>autem</strong></span> <span class='ocrx_word' id='word_1_57' title='bbox 365 1147 455 1216; x_wconf 85' lang='lat' dir='ltr'><strong>illum</strong></span> <span class='ocrx_word' id='word_1_58' title='bbox 478 1153 729 1236; x_wconf 86' lang='lat' dir='ltr'><strong>comparavimus</strong></span> <span class='ocrx_word' id='word_1_59' title='bbox 753 1172 825 1218; x_wconf 89' lang='lat' dir='ltr'><strong>cum</strong></span> <span class='ocrx_word' id='word_1_60' title='bbox 858 1151 929 1216; x_wconf 88' lang='lat' dir='ltr'><strong>aliis</strong></span> <span class='ocrx_word' id='word_1_61' title='bbox 961 1150 1174 1236; x_wconf 88' lang='lat' dir='ltr'><strong>scriptoribus,</strong></span> <span class='ocrx_word' id='word_1_62' title='bbox 1206 1173 1285 1238; x_wconf 87' lang='lat' dir='ltr'><strong>quos</strong></span> <span class='ocrx_word' id='word_1_63' title='bbox 1317 1174 1380 1218; x_wconf 92' lang='lat' dir='ltr'><strong>non</strong></span> <span class='ocrx_word' id='word_1_64' title='bbox 1412 1153 1517 1219; x_wconf 91' lang='lat' dir='ltr'><strong>minus</strong></span> 
     </span>
     <span class='ocr_line' id='line_1_9' title="bbox 233 1241 1517 1344; baseline 0.001 -19"><span class='ocrx_word' id='word_1_65' title='bbox 233 1281 330 1344; x_wconf 88' lang='lat' dir='ltr'><strong>quam</strong></span> <span class='ocrx_word' id='word_1_66' title='bbox 354 1241 555 1325; x_wconf 85' lang='lat' dir='ltr'><strong>Oleomedem</strong></span> <span class='ocrx_word' id='word_1_67' title='bbox 577 1259 715 1344; x_wconf 89' lang='lat' dir='ltr'><strong>pendere</strong></span> <span class='ocrx_word' id='word_1_68' title='bbox 738 1281 777 1324; x_wconf 89' lang='lat' dir='ltr'><strong>ex</strong></span> <span class='ocrx_word' id='word_1_69' title='bbox 799 1257 971 1325; x_wconf 87' lang='lat' dir='ltr'><strong>Posidonio</strong></span> <span class='ocrx_word' id='word_1_70' title='bbox 994 1259 1053 1324; x_wconf 90' lang='lat' dir='ltr'><strong>viri</strong></span> <span class='ocrx_word' id='word_1_71' title='bbox 1077 1258 1162 1325; x_wconf 90' lang='lat' dir='ltr'><strong>docti</strong></span> <span class='ocrx_word' id='word_1_72' title='bbox 1190 1261 1400 1344; x_wconf 86' lang='lat' dir='ltr'><strong>suspicantur,</strong></span> <span class='ocrx_word' id='word_1_73' title='bbox 1430 1258 1517 1326; x_wconf 85' lang='lat' dir='ltr'><strong>velut</strong></span> 
     </span>
    </p>
   </div>
   <div class='ocr_carea' id='block_1_3' title="bbox 132 1364 1514 1452">
    <p class='ocr_par' dir='ltr' id='par_1_3' title="bbox 132 1364 1514 1452">
     <span class='ocr_line' id='line_1_10' title="bbox 132 1364 1514 1452; baseline 0 -20"><span class='ocrx_word' id='word_1_74' title='bbox 132 1445 133 1448; x_wconf 8' lang='grc' dir='ltr'><strong>Ἴ</strong></span> <span class='ocrx_word' id='word_1_75' title='bbox 235 1387 306 1433; x_wconf 89' lang='lat' dir='ltr'><strong>eum</strong></span> <span class='ocrx_word' id='word_1_76' title='bbox 340 1364 470 1432; x_wconf 74' lang='lat' dir='ltr'><strong>Theona</strong></span> <span class='ocrx_word' id='word_1_77' title='bbox 494 1365 679 1452; x_wconf 84' lang='lat' dir='ltr'><strong>Smyrnaeo,</strong></span> <span class='ocrx_word' id='word_1_78' title='bbox 708 1364 846 1448; x_wconf 86' lang='lat' dir='ltr'><strong>Achille,</strong></span> <span class='ocrx_word' id='word_1_79' title='bbox 871 1365 1017 1448; x_wconf 84' lang='lat' dir='ltr'><strong>Gemino,</strong></span> <span class='ocrx_word' id='word_1_80' title='bbox 1042 1366 1203 1449; x_wconf 79' lang='lat' dir='ltr'><strong>Cicerone,</strong></span> <span class='ocrx_word' id='word_1_81' title='bbox 1225 1366 1339 1434; x_wconf 90' lang='lat' dir='ltr'><strong>Plinio.</strong></span> <span class='ocrx_word' id='word_1_82' title='bbox 1373 1406 1415 1416; x_wconf 91' lang='lat'><em>-</em></span> <span class='ocrx_word' id='word_1_83' title='bbox 1448 1366 1514 1432; x_wconf 92' lang='lat' dir='ltr'><strong>De·</strong></span> 
     </span>
    </p>
   </div>
   <div class='ocr_carea' id='block_1_4' title="bbox 233 1471 1516 1772">
    <p class='ocr_par' dir='ltr' id='par_1_4' title="bbox 233 1471 1516 1772">
     <span class='ocr_line' id='line_1_11' title="bbox 234 1471 1515 1556; baseline 0.001 -17"><span class='ocrx_word' id='word_1_84' title='bbox 234 1479 426 1539; x_wconf 86' lang='lat' dir='ltr'><strong>monstrasse</strong></span> <span class='ocrx_word' id='word_1_85' title='bbox 449 1479 556 1539; x_wconf 88' lang='lat' dir='ltr'><strong>autem</strong></span> <span class='ocrx_word' id='word_1_86' title='bbox 579 1473 658 1538; x_wconf 94' lang='lat' dir='ltr'><strong>mihi</strong></span> <span class='ocrx_word' id='word_1_87' title='bbox 680 1473 789 1539; x_wconf 90' lang='lat' dir='ltr'><strong>videor</strong></span> <span class='ocrx_word' id='word_1_88' title='bbox 812 1471 991 1540; x_wconf 81' lang='lat' dir='ltr'><strong>Cleomedis</strong></span> <span class='ocrx_word' id='word_1_89' title='bbox 1013 1471 1110 1539; x_wconf 90' lang='lat' dir='ltr'><strong>fidem</strong></span> <span class='ocrx_word' id='word_1_90' title='bbox 1132 1495 1196 1540; x_wconf 91' lang='lat' dir='ltr'><strong>non</strong></span> <span class='ocrx_word' id='word_1_91' title='bbox 1219 1495 1287 1540; x_wconf 89' lang='lat' dir='ltr'><strong>esse</strong></span> <span class='ocrx_word' id='word_1_92' title='bbox 1310 1479 1442 1556; x_wconf 81' lang='lat' dir='ltr'><strong>tentam,</strong></span> <span class='ocrx_word' id='word_1_93' title='bbox 1470 1481 1515 1555; x_wconf 82' lang='lat' dir='ltr'><strong>ut,</strong></span> 
     </span>
     <span class='ocr_line' id='line_1_12' title="bbox 233 1578 1516 1665; baseline 0.001 -19"><span class='ocrx_word' id='word_1_94' title='bbox 233 1580 320 1665; x_wconf 91' lang='lat' dir='ltr'><strong>quod</strong></span> <span class='ocrx_word' id='word_1_95' title='bbox 351 1578 449 1663; x_wconf 85' lang='lat' dir='ltr'><strong>dicat,</strong></span> <span class='ocrx_word' id='word_1_96' title='bbox 482 1579 654 1647; x_wconf 89' lang='lat' dir='ltr'><strong>Posidonio</strong></span> <span class='ocrx_word' id='word_1_97' title='bbox 688 1581 777 1646; x_wconf 84' lang='lat' dir='ltr'><strong>nulla</strong></span> <span class='ocrx_word' id='word_1_98' title='bbox 813 1581 959 1647; x_wconf 89' lang='lat' dir='ltr'><strong>cautione</strong></span> <span class='ocrx_word' id='word_1_99' title='bbox 996 1579 1141 1655; x_wconf 82' lang='lat' dir='ltr'><strong>adhibita</strong></span> <span class='ocrx_word' id='word_1_100' title='bbox 1172 1580 1358 1648; x_wconf 85' lang='lat' dir='ltr'><strong>tribuamus</strong></span> <span class='ocrx_word' id='word_1_101' title='bbox 1411 1581 1516 1647; x_wconf 91' lang='lat' dir='ltr'><strong>Immo</strong></span> 
     </span>
     <span class='ocr_line' id='line_1_13' title="bbox 235 1687 1200 1772; baseline 0.003 -21"><span class='ocrx_word' id='word_1_102' title='bbox 235 1687 311 1752; x_wconf 89' lang='lat' dir='ltr'><strong>mihi</strong></span> <span class='ocrx_word' id='word_1_103' title='bbox 335 1709 521 1772; x_wconf 87' lang='lat' dir='ltr'><strong>persuasum</strong></span> <span class='ocrx_word' id='word_1_104' title='bbox 544 1693 593 1754; x_wconf 85' lang='lat' dir='ltr'><strong>est</strong></span> <span class='ocrx_word' id='word_1_105' title='bbox 616 1687 708 1754; x_wconf 90' lang='lat' dir='ltr'><strong>valde</strong></span> <span class='ocrx_word' id='word_1_106' title='bbox 731 1687 840 1754; x_wconf 90' lang='lat' dir='ltr'><strong>labare</strong></span> <span class='ocrx_word' id='word_1_107' title='bbox 862 1687 947 1754; x_wconf 88' lang='lat' dir='ltr'><strong>illius</strong></span> <span class='ocrx_word' id='word_1_108' title='bbox 970 1688 1200 1754; x_wconf 85' lang='lat' dir='ltr'><strong>auctoritatem.</strong></span> 
     </span>
    </p>
   </div>
   <div class='ocr_carea' id='block_1_5' title="bbox 235 1829 1515 1974">
    <p class='ocr_par' dir='ltr' id='par_1_5' title="bbox 235 1829 1515 1974">
     <span class='ocr_line' id='line_1_14' title="bbox 236 1829 1515 1900; baseline -0.002 -14"><span class='ocrx_word' id='word_1_109' title='bbox 236 1830 383 1886; x_wconf 85' lang='lat' dir='ltr'><strong>Schmekel</strong></span> <span class='ocrx_word' id='word_1_110' title='bbox 410 1830 483 1885; x_wconf 91' lang='lat' dir='ltr'><strong>Phil.</strong></span> <span class='ocrx_word' id='word_1_111' title='bbox 503 1830 530 1885; x_wconf 89' lang='lat' dir='ltr'><strong>d.</strong></span> <span class='ocrx_word' id='word_1_112' title='bbox 548 1830 630 1884; x_wconf 82' lang='lat' dir='ltr'><strong>mitti.</strong></span> <span class='ocrx_word' id='word_1_113' title='bbox 650 1830 717 1886; x_wconf 79' lang='lat' dir='ltr'><strong>Stoa</strong></span> <span class='ocrx_word' id='word_1_114' title='bbox 734 1849 762 1900; x_wconf 88' lang='lat' dir='ltr'><strong>p.</strong></span> <span class='ocrx_word' id='word_1_115' title='bbox 783 1834 843 1900; x_wconf 83' lang='grc'>188,</span> <span class='ocrx_word' id='word_1_116' title='bbox 862 1830 924 1884; x_wconf 79' lang='lat' dir='ltr'><strong>adn.</strong></span> <span class='ocrx_word' id='word_1_117' title='bbox 943 1833 960 1884; x_wconf 81' lang='lat'>2</span> <span class='ocrx_word' id='word_1_118' title='bbox 979 1835 1060 1900; x_wconf 85' lang='lat' dir='ltr'><strong>cxtr.;</strong></span> <span class='ocrx_word' id='word_1_119' title='bbox 1078 1849 1107 1900; x_wconf 89' lang='lat' dir='ltr'><strong>p.</strong></span> <span class='ocrx_word' id='word_1_120' title='bbox 1126 1834 1191 1900; x_wconf 75' lang='lat'><strong>4653</strong></span> <span class='ocrx_word' id='word_1_121' title='bbox 1211 1829 1356 1900; x_wconf 79' lang='lat' dir='ltr'><strong>Susamihl,</strong></span> <span class='ocrx_word' id='word_1_122' title='bbox 1376 1829 1515 1886; x_wconf 74' lang='lat' dir='ltr'><strong>Gerebd.</strong></span> 
     </span>
     <span class='ocr_line' id='line_1_15' title="bbox 235 1871 1206 1974; baseline 0.003 -20"><span class='ocrx_word' id='word_1_123' title='bbox 235 1919 276 1974; x_wconf 76' lang='lat' dir='ltr'><strong>gr.</strong></span> <span class='ocrx_word' id='word_1_124' title='bbox 294 1901 362 1956; x_wconf 81' lang='lat' dir='ltr'><strong>mo.</strong></span> <span class='ocrx_word' id='word_1_125' title='bbox 380 1871 421 1971; x_wconf 82' lang='lat' dir='ltr'><strong>il,</strong></span> <span class='ocrx_word' id='word_1_126' title='bbox 439 1921 467 1972; x_wconf 81' lang='lat' dir='ltr'><strong>p.</strong></span> <span class='ocrx_word' id='word_1_127' title='bbox 488 1906 538 1956; x_wconf 84' lang='lat'><strong>138</strong></span> <span class='ocrx_word' id='word_1_128' title='bbox 556 1901 619 1957; x_wconf 70' lang='lat' dir='ltr'><strong>aon.</strong></span> <span class='ocrx_word' id='word_1_129' title='bbox 640 1905 690 1957; x_wconf 83' lang='lat'><strong>190</strong></span> <span class='ocrx_word' id='word_1_130' title='bbox 706 1907 737 1958; x_wconf 72' lang='lat' dir='ltr'><strong>m</strong></span> <span class='ocrx_word' id='word_1_131' title='bbox 757 1901 840 1958; x_wconf 69' lang='lat' dir='ltr'><strong>reeb.</strong></span> <span class='ocrx_word' id='word_1_132' title='bbox 876 1901 1011 1973; x_wconf 69' lang='lat' dir='ltr'><strong>rannery,</strong></span> <span class='ocrx_word' id='word_1_133' title='bbox 1023 1902 1097 1958; x_wconf 71' lang='lat' dir='ltr'><strong>nen</strong></span> <span class='ocrx_word' id='word_1_134' title='bbox 1115 1921 1143 1972; x_wconf 83' lang='lat' dir='ltr'><strong>p.</strong></span> <span class='ocrx_word' id='word_1_135' title='bbox 1162 1906 1206 1957; x_wconf 77' lang='lat' dir='ltr'><strong>ee.</strong></span> 
     </span>
    </p>
   </div>
   <div class='ocr_carea' id='block_1_6' title="bbox 0 0 1819 5156">
    <p class='ocr_par' dir='ltr' id='par_1_6' title="bbox 0 0 1819 5156">
     <span class='ocr_line' id='line_1_16' title="bbox 0 0 1819 5156; baseline 0 0"><span class='ocrx_word' id='word_1_136' title='bbox 0 0 1819 5156; x_wconf 95' lang='lat' dir='ltr'><strong> </strong></span> 
     </span>
    </p>
   </div>
  </div>
 </body>
</html>
