3632 5144
780 1227 919 1373 tauut
954 1230 985 1350 1.

268 1486 270 1491 -
331 1443 373 1509 A.
397 1445 449 1510 De
461 1443 631 1512 Cleomede
649 1450 817 1529 postquam
837 1437 910 1509 ante
928 1443 1008 1509 haec
1024 1445 1162 1528 quinque
1177 1443 1279 1510 lustra
1287 1443 1381 1510 ER.
1392 1444 1521 1530 Ziegler

240 1552 275 1618 in
294 1551 523 1633 dissertatione,
546 1573 642 1635 quam
661 1553 838 1635 composuit
857 1551 908 1616 De
917 1551 984 1615 vita
999 1557 1032 1616 et
1041 1551 1165 1635 scriptis
1176 1549 1355 1618 Oleomedis
1363 1549 1519 1636 (Misenae

245 1661 342 1738 1878)
363 1659 483 1743 primus
502 1659 568 1742 egit
585 1659 772 1739 accuratius,
796 1679 896 1742 nuper
905 1657 1018 1740 Edgar
1027 1657 1161 1722 Martini
1179 1663 1212 1723 et
1229 1659 1262 1723 in
1273 1656 1520 1743 Quaestionibus

242 1764 465 1831 Posidonianis
483 1764 662 1849 (Iaeipziger
680 1764 816 1830 Studien
835 1763 944 1833 XVII
961 1766 1073 1848 (1895)
1091 1787 1120 1848 p.
1140 1759 1205 1830 392
1224 1768 1302 1849 sqq.)
1320 1772 1353 1831 et
1370 1765 1522 1832 1111111-

235 1871 432 1938 brationibus
455 1871 677 1937 Posidonianis
707 1871 832 1956 (Rhein.
856 1871 940 1937 Mus.
965 1874 1006 1937 52
1030 1875 1150 1954 (1891),
1181 1895 1212 1956 p.
1236 1875 1300 1937 348
1324 1874 1412 1956 sqq),
1443 1880 1518 1958 post

235 2000 307 2044 eum
330 1978 477 2044 ilduinus
496 1977 634 2044 Mueller
651 1980 684 2043 in
703 1979 931 2060 dissertatione,
955 2000 1036 2063 quae
1059 1985 1108 2044 est
1125 1978 1177 2043 De
1196 1978 1368 2045 Posidonio
1386 1979 1515 2046 Manilii

239 2091 368 2152 auctore
400 2085 539 2168 (Bomae
574 2088 680 2169 1901),
712 2109 741 2170 p.
766 2085 877 2174 35j36,
909 2087 1087 2170 nuperrime
1120 2085 1359 2152 Maximilianus
1390 2084 1517 2154 Arnold

235 2191 461 2278 (Quaestiones
493 2193 735 2266 Posidonianae,
776 2192 906 2277 Lipsiae
942 2195 1040 2276 1903)
1079 2193 1259 2261 Oleomedis
1297 2193 1421 2276 librum,
1463 2198 1518 2279 qui

237 2301 381 2386 Κυκλικὴ
406 2303 528 2385 dempta
551 2303 723 2385 μετεώρων
746 2301 915 2384 inscriptus
938 2306 995 2381 est,
1026 2307 1280 2384 percensuerrmt,
1315 2306 1351 2366 ut
1373 2309 1520 2367 eruerent

236 2405 319 2472 illius
341 2406 452 2472 lentes.
499 2405 616 2472 Statim
640 2413 745 2472 autern
765 2409 847 2472 inter
865 2406 923 2472 hos
942 2409 1191 2491 quattuorviros
1210 2407 1320 2474 doctos
1338 2407 1517 2474 differentia

235 2519 284 2580 est
305 2513 455 2595 notanda,
485 2536 580 2597 quarn
603 2515 663 2579 etsi
684 2515 773 2598 parvi
798 2516 947 2580 momenti
971 2536 1039 2580 esse
1062 2515 1240 2597 credideris,
1272 2521 1379 2581 tamen
1401 2537 1514 2601 reapse

235 2622 363 2687 minime
386 2643 455 2686 esse
478 2620 707 2706 neglegendam
730 2620 914 2687 videbimus.
961 2621 1090 2707 Ziegler
1111 2623 1204 2703 enim,
1234 2623 1288 2706 qui
1316 2623 1417 2688 edidit
1438 2646 1515 2708 quo-

234 2749 295 2812 que
314 2727 494 2794 Oleomedis
517 2728 658 2794 libellum
676 2727 817 2813 (Lipsiae
830 2731 936 2812 1891),
959 2730 1063 2813 ipsum
1074 2727 1275 2796 Oleomedem
1295 2730 1515 2797 dissertatione

234 2857 293 2901 sua
314 2836 560 2902 examinandum
583 2835 643 2901 sibi
665 2837 838 2921 proposuit,
870 2842 990 2902 ceteros
1013 2842 1129 2918 autem,
1162 2857 1295 2920 quorum
1326 2838 1444 2904 mentio
1467 2844 1517 2904 est

233 2941 327 3025 lacta,
345 2942 408 3008 alio
427 2965 466 3008 ex
484 2942 690 3008 fundamento
712 2942 868 3027 profectos
887 2965 955 3008 esso
974 2944 1038 3008 iam
1057 2949 1225 3028 apparete
1244 2944 1344 3009 titulis
1353 2944 1513 3011 librorum.

233 3047 378 3133 Martini,
401 3049 546 3131 Mueller,
570 3048 697 3116 Arnold
720 3073 740 3115 a
762 3049 935 3116 Posidonio
962 3052 1024 3115 orsi
1052 3052 1086 3115 in
1110 3049 1314 3116 Cleomedem
1336 3051 1516 3117 inciderunt

232 3157 494 3242 quaestionesque
526 3159 731 3222 instituerunt
762 3159 816 3238 ite,
849 3163 885 3222 ut
917 3179 998 3241 quae
1030 3159 1111 3223 ratio
1143 3159 1321 3224 intercedat
1352 3160 1434 3224 inter
1456 3159 1514 3224 hos

232 3263 320 3347 duos,
353 3286 432 3348 quos
464 3265 633 3346 nominavi,
665 3264 878 3349 philosophos,
911 3264 1126 3331 demonstrare
1158 3265 1282 3330 vellent
1338 3264 1513 3350 Postquam

231 3372 314 3436 enim
347 3369 481 3436 Martini
513 3371 546 3435 in
580 3371 710 3456 Quaest.
743 3372 851 3437 Posid.
883 3374 995 3456 (1895)
1029 3371 1232 3439 Cleomedon
1264 3373 1413 3438 idoneum
1445 3395 1513 3440 esso

231 3476 409 3561 affirmavit,
441 3501 462 3544 a
493 3499 556 3562 quo
588 3480 641 3562 qui
674 3478 907 3544 Posidonianae
940 3479 979 3544 de
1011 3479 1107 3544 rebus
1139 3479 1327 3545 caelestibus
1350 3480 1512 3546 doctrinae

230 3584 346 3651 rudera
367 3586 520 3671 indagare
543 3585 761 3666 decrevissent,
783 3585 1063 3670 proficiscerentur,
1086 3589 1207 3671 primus
1233 3588 1300 3671 ipse
1325 3587 1511 3653 hanoniam

230 3692 391 3778 ingressus
413 3701 470 3776 est,
493 3699 530 3758 11
551 3699 714 3777 repararet
736 3693 899 3759 Posidonii
923 3694 1105 3776 sententias,
1128 3695 1162 3758 in
1185 3693 1322 3759 Lucubr.
1345 3694 1511 3760 Posidoni-

230 3800 314 3882 anis3
337 3806 406 3866 tum
425 3800 562 3866 Mueller
583 3801 737 3866 nonnulla
759 3800 891 3882 addidit,
914 3807 1074 3885 postremo
1092 3800 1220 3866 Amold
1242 3803 1404 3868 rationes
1422 3801 1511 3866 Mar-

230 3907 309 3974 tinio
332 3907 548 3973 demonstrata
570 3929 646 3973 usus
668 3907 742 3973 huie
764 3908 941 3991 quaestioni
965 3930 1094 3993 operam
1117 3907 1213 3974 dedit

319 4013 407 4082 Utile
439 4020 545 4080 autem
577 4020 627 4080 est
656 4036 812 4099 exponere
844 4036 1006 4099 quousque
1038 4015 1139 4080 tribus
1170 4015 1233 4081 illis
1254 4015 1509 4100 inquisitionibus

229 4127 299 4188 tcta
319 4141 370 4188 res
393 4123 435 4188 sit
455 4127 613 4209 provecta

318 4225 371 4296 Ac
392 4230 530 4314 primum
552 4229 679 4315 quidem
701 4228 840 4295 Mueller
862 4231 895 4294 in
919 4229 1148 4296 dissertationis
1170 4252 1304 4297 excursu
1327 4239 1368 4315 (p.
1389 4233 1431 4294 35
1451 4233 1508 4313 sq.)

229 4337 269 4404 ds
299 4337 402 4422 primo
433 4338 537 4424 capite
568 4337 682 4424 prioris
711 4336 783 4401 libri
813 4337 890 4402 dicit
912 4336 1004 4402 haec:
1050 4337 1255 4419 „Cleomedes
1278 4344 1346 4403 tota
1368 4337 1445 4422 (scil.
1468 4337 1508 4403 de

228 4445 341 4528 vacuo)
364 4445 637 4530 argumentatione
660 4465 780 4510 meram
803 4444 966 4509 Posidonii
990 4444 1166 4510 doctrinam
1189 4444 1352 4531 amplexus
1374 4449 1449 4510 est‘·'

317 4549 400 4617 Tum
424 4551 464 4618 de
486 4573 512 4618 c
534 4549 707 4621 IL-VH.
730 4553 844 4637 prioris
866 4550 938 4616 libri
962 4551 1110 4617 disseruit
1132 4551 1265 4617 Martini
1288 4550 1509 4636 (1111111111.

229 4661 369 4745 11348
394 4662 481 4746 sqq).
529 4657 593 4748 Qui
616 4659 813 4744 inquisitioni
843 4660 890 4725 ita
919 4657 1081 4745 praelator
1110 4665 1153 4746 (p.
1176 4663 1241 4726 352
1264 4659 1362 4742 med):
1407 4657 1510 4742 „Cum
