3632 5144
794 389 833 400 -
884 355 1013 418 311-

266 551 330 612 etia
363 552 444 632 μέρη
475 552 573 634 ,αὐτῆς
607 550 668 614 11πό
702 552 849 634 φλογμοῦ
879 553 1036 634 ἀοίκητα
1061 551 1144 614 εἶναι.
1191 548 1325 632 Arnold,
1358 554 1411 635 qui
1444 549 1548 636 capita

267 656 398 720 alterius
422 656 493 720 libri
516 657 652 740 primum
669 663 700 722 et
719 657 892 721 secundnm
912 679 950 720 ex
968 656 1140 722 Posidonio
1159 656 1287 722 fluxisse
1307 666 1422 741 censet,
1445 662 1548 740 „omni

266 765 496 829 asseveratione
529 763 731 830 Cleomedem
763 765 824 829 hac
856 771 924 829 tota
955 770 1046 848 parte
1080 765 1156 848 (scil.
1189 788 1218 849 p.
1256 768 1547 849 rebar-mmo)

264 891 405 954 premere
424 872 493 954 ipsa
513 871 675 936 Posidonii
694 872 807 936 verba“
831 871 970 936 affirmat
980 874 1020 954 (p.
1031 869 1154 959 46147).
1203 871 1268 938 Sed
1291 872 1367 956 quid
1387 874 1425 938 de
1446 873 1547 938 verbis

266 999 358 1042 ame
382 977 475 1043 modo
503 976 689 1062 exscriptis?
735 978 822 1044 Num
855 979 1021 1044 verisimile
1056 984 1104 1043 est
1136 1001 1156 1043 0
1189 979 1359 1046 Cleomede
1391 981 1447 1046 illa
1480 1003 1547 1046 esse

265 1086 452 1169 interposita
484 1086 533 1151 vel
565 1085 727 1151 Posidonii
761 1084 863 1151 verba
889 1086 940 1151 hic
973 1108 1040 1151 esse
1064 1084 1258 1151 emendata?
1305 1086 1419 1152 Nonne
1442 1090 1547 1172 potius

267 1192 410 1274 singulae
434 1192 528 1258 huius
551 1193 611 1258 loci
635 1194 810 1277 particulae
834 1200 899 1258 tam
924 1196 1143 1259 011010101εο
1164 1194 1341 1276 cohaerent,
1364 1202 1402 1260 ut
1420 1195 1547 1261 dissolvi

266 1299 353 1365 nullo
386 1299 479 1365 modo
511 1299 652 1384 queant?
698 1301 746 1367 Ut
772 1301 855 1366 hanc
888 1307 988 1366 totam
1020 1307 1144 1385 partem
1176 1305 1217 1386 (p.
1252 1304 1546 1386 150,24-156,30)

267 1406 439 1473 Posidonio
463 1408 590 1490 tribuat,
614 1407 740 1474 Arnold
763 1411 869 1475 omnia
893 1415 1080 1492 argumenta
1098 1411 1195 1474 sumit
1213 1431 1230 1473 0
1250 1431 1401 1492 sermone,
1424 1410 1546 1476 nullum

267 1535 306 1578 ex
329 1515 414 1598 ipsis‘
437 1515 539 1581 rebus.
586 1514 697 1583 Solum
726 1517 809 1580 euim
841 1523 1062 1600 argumentum
1086 1539 1125 1581 ex
1146 1539 1180 1580 10
1203 1518 1273 1601 ipsa
1295 1518 1430 1602 petitum
1453 1519 1486 1582 in
1509 1540 1546 1583 eo

267 1628 418 1704 versatur,
450 1629 486 1688 ut
509 1624 594 1688 dicat
617 1627 659 1707 (p.
682 1625 747 1706 46),
777 1631 927 1708 quattuor
949 1625 1026 1689 locis
1051 1623 1248 1691 Cleomedeis
1279 1627 1400 1709 (28,18;
1436 1628 1544 1707 52,17;

268 1731 376 1810 doun
404 1733 510 1813 ll'2,6)
533 1731 708 1814 praedicari
732 1732 842 1797 eodem
866 1732 929 1797 1010
953 1733 1046 1797 modo
1069 1733 1214 1816 ingentes
1233 1733 1313 1796 vires
1337 1732 1420 1797 solis.
1468 1731 1560 1816 Qui·-

266 1835 325 1900 bus
357 1843 463 1901 tamen
492 1861 530 1902 011
558 1839 635 1904 10010
658 1861 740 1904 0000
764 1846 889 1905 tautum
913 1841 1088 1923 comparari
1112 1845 1224 1923 potest,
1248 1862 1277 1923 p.
1303 1838 1396 1921 66,17
1432 1841 1545 1924 ἄφάτῳ

264 1969 295 2008 τε
318 1952 354 2028 τῇ
379 1947 510 2029 ὒυνάμει
532 1954 587 2011 τοῦ
611 1949 700 2031 ἡλίου
723 1952 931 2032 κεχρημένου,
957 1949 1067 2012 ceteris
1091 1949 1218 2013 omuino
1241 1968 1305 2012 non
1330 1946 1369 2011 de
1392 1947 1466 2029 sule,
1490 1947 1557 2013 sed.

265 2050 304 2115 ds
320 2051 519 2135 providentia
534 2055 646 2138 agitur.
692 2053 801 2139 Atque
821 2056 873 2120 1110
893 2078 975 2120 unus
993 2055 1089 2136 locus,
1113 2077 1174 2138 quo
1194 2077 1228 2120 re
1247 2076 1322 2119 vera
1340 2055 1414 2119 solis
1432 2056 1544 2119 virium

264 2157 301 2222 fit
332 2161 458 2241 mentio,
491 2161 649 2227 invenitur
680 2165 712 2226 in
746 2185 784 2228 00
817 2165 929 2247 capitis
962 2165 1041 2228 sexti
1071 2170 1170 2246 parte,
1203 2185 1267 2246 qua
1295 2162 1419 2228 disertis
1443 2162 1545 2226 verbis

264 2265 427 2332 Posidonii
459 2268 622 2351 repellitur
649 2272 765 2354 opinio.
811 2270 927 2336 Nonne
960 2272 1023 2335 iam
1055 2270 1116 2336 hoe
1149 2277 1197 2336 est
1228 2272 1306 2335 satis
1334 2292 1457 2351 causae,
1490 2293 1546 2335 cur

263 2371 444 2439 Arnoldum
476 2381 560 2441 reete
594 2377 754 2461 disputare
788 2379 827 2444 de
859 2379 919 2444 hoc
952 2379 1020 2443 loco
1054 2375 1229 2462 negemus?
1274 2376 1432 2461 Equidem
1460 2399 1544 2466 nego

263 2479 350 2544 111010
374 2488 496 2564 partem
520 2484 622 2549 redire
646 2486 688 2550 ad
710 2487 925 2568 Posidonium,
959 2488 1112 2570 imprimis
1145 2486 1230 2569 quod
1257 2484 1317 2550 hoc
1339 2485 1409 2550 1000
1431 2508 1541 2550 nouam

263 2589 413 2653 torridam
438 2613 515 2674 prae
540 2599 629 2657 aestu
648 2615 716 2658 0000
735 2594 948 2660 inhabitatam
966 2595 1108 2678 legimus.
1154 2592 1346 2659 Posidonius
1354 2615 1436 2674 vero,
1459 2593 1545 2658 velut

263 2717 357 2779 saepe
367 2699 544 2781 statuimus,
556 2703 745 2766 sententiam
759 2702 877 2786 profert
887 2705 1064 2786 oppositam
1084 2707 1179 2784 atque
1198 2707 1316 2766 totam
1334 2701 1422 2765 illam
1432 2723 1542 2766 zonam

262 2810 303 2886 (p.
325 2807 396 2885 58,5
416 2805 443 2869 Z
463 2815 535 2871 πᾶν
559 2809 593 2873 16
617 2810 680 2874 ὑπὸ
703 2811 757 2875 τὸν
781 2811 960 2895 ἰσημερινὸν
979 2810 1087 2894 κλίμα)
1107 2809 1315 2874 habitabilem
1336 2831 1404 2873 esse
1423 2815 1542 2889 censet3

262 2911 347 2993 quod
365 2910 452 2978 haud
469 2915 699 3000 neglegendum
718 2923 774 2982 est.
820 2917 972 3003 Polybius
991 2919 1075 2982 enim
1095 2917 1296 2982 dubitaverat
1312 2922 1413 2982 totam
1431 2939 1543 2981 zonam,

263 3018 413 3083 torridam
454 3030 567 3105 putare
608 3023 823 3106 habitabilem,
857 3025 893 3090 01.
930 3024 1065 3106 Gemin,
1097 3027 1175 3107 isag.
1206 3047 1230 3089 c.
1263 3026 1313 3106 16,
1346 3048 1375 3108 p.
1407 3027 1469 3089 176
1498 3046 1542 3107 sq.

264 3123 379 3190 Manit.
426 3128 547 3195 Contra
556 3131 745 3197 Posidonius
755 3155 946 3216 quamquam
966 3133 1024 3197 sub
1044 3134 1120 3216 ipsis
1139 3133 1267 3216 tropicis
1286 3133 1390 3195 minus
1406 3131 1542 3196 iucunde

263 3231 401 3298 habitari
426 3240 588 3320 concessit,
621 3240 710 3304 illam
731 3240 938 3305 habitabilem
970 3241 1049 3305 dixit
1078 3246 1209 3322 totam,
1243 3239 1279 3304 01.
1304 3238 1420 3305 Strabo
1443 3239 1489 3320 H,
1514 3245 1542 3320 2,

264 3339 320 3421 3.¹)
365 3341 479 3426 ltaque
503 3367 542 3410 ne
566 3351 630 3412 ἔνια
654 3347 779 3432 quidem
804 3348 860 3412 illa
882 3351 963 3433 μέρη
990 3349 1110 3431 (151,3)
1139 3348 1246 3412 valent
1278 3346 1321 3411 ad
1351 3346 1542 3412 fulciendam

264 3444 401 3514 Arnoldi
425 3455 623 3520 sententiam.

353 3573 436 3641 Mihi
458 3580 564 3662 potius
587 3581 643 3646 illa
665 3583 740 3647 solis
768 3585 880 3648 virium
910 3583 980 3647 laus
1011 3588 1138 3666 sumpta
1169 3603 1237 3646 esse
1269 3603 1308 3645 ex
1341 3579 1542 3647 Cleanthis

264 3678 352 3745 libris
375 3684 506 3767 videtur,
531 3710 630 3772 aquo
650 3690 747 3755 solem
771 3691 966 3774 appellatum
990 3712 1058 3754 esse
1082 3689 1271 3774 ἡγεμονικὸν
1293 3687 1445 3771 κόσμουῖ)
1469 3709 1542 3752 000-

264 3791 336 3852 0101.
381 3789 483 3858 Locos
506 3793 568 3860 huc
590 3799 783 3881 pertinentes
807 3798 934 3882 collegit
957 3797 1072 3878 Zeller,
1095 3797 1114 3861 1.
1139 3797 1158 3860 1.
1182 3796 1247 3877 ΙΠ,
1273 3794 1315 3876 1³,
1342 3798 1402 3860 137
1429 3793 1539 3860 01102

263 3893 452 3980 (01.1ιο110.
484 3900 584 4012 Stein,
607 3904 671 3970 Die
703 3905 911 3992 Psychologie
944 3907 1000 3970 der
1032 3904 1120 3986 Stoa,
1152 3903 1211 3970 vol.
1234 3903 1270 3984 1,
1302 3902 1475 3988 metaphys.
1500 3941 1542 3950 —-

263 4019 477 4040 “Q

355 4081 375 4149 ¹)
395 4083 430 4136 cf.
449 4073 559 4153 Bergei,
580 4085 678 4140 Geseh.
690 4084 716 4138 d.
726 4085 884 4139 wissensch.
894 4084 1044 4138 Erdkunde
1055 4085 1081 4138 d.
1093 4082 1148 4152 Ga,
1167 4101 1195 4152 p.
1206 4080 1368 4149 usa-5562,
1387 4099 1414 4150 p.
1425 4083 1477 4133 393
1488 4079 1539 4148 sql.

264 4181 298 4191 —
317 4151 360 4207 Ne
379 4154 484 4209 mireris
504 4157 578 4226 quod
597 4161 624 4210 et
641 4157 715 4226 apud
734 4157 898 4210 Strabonem
916 4156 957 4225 II,
977 4160 1002 4224 2,
1022 4161 1038 4208 3
1058 4161 1085 4208 01
1102 4156 1176 4224 apud
1195 4153 1298 4208 Oleum.
1321 4152 1541 4222 1541910011οη-

264 4227 308 4276 tur
325 4223 538 4298 Ichthyophagi.
575 4228 636 4298 Qua
655 4247 688 4282 ex
707 4246 736 4283 10
754 4229 865 4282 minime
885 4228 1012 4282 concludi
1031 4232 1130 4296 potest,
1158 4226 1264 4294 utrique
1293 4226 1402 4279 subesse
1427 4223 1543 4278 eundem

264 4294 375 4350 1001010.
412 4297 555 4354 Posidonii
574 4301 646 4354 enim
665 4300 859 4368 Strabonisque
877 4299 1082 4368 Ichthyophagi
1102 4299 1150 4351 sub
1169 4297 1283 4366 tropicis
1307 4297 1437 4364 incolunt,
1464 4295 1542 4348 Oloo-

263 4367 351 4421 medis
369 4387 434 4425 vero
453 4371 657 4441 Ichthyophagi
675 4373 781 4427 ibidem
800 4372 923 4427 habitare
941 4388 995 4424 non
1014 4375 1140 4439 possunt;
1160 4386 1248 4437 neque
1267 4369 1339 4422 enim
1354 4367 1458 4435 dubito,
1479 4367 1544 4435 quin

263 4456 310 4510 illa
332 4444 397 4507 ἔνια
419 4447 501 4528 μέρη
526 4447 656 4528 ἀοίκητα
676 4461 840 4516 (llsomedea
860 4461 914 4514 siut
932 4462 1007 4530 ipsae
1025 4460 1150 4529 regiones
1174 4459 1223 4512 sub
1243 4459 1356 4528 tropicis
1374 4457 1490 4527 positae.
1510 4487 1541 4496 —

264 4528 425 4655 Iihqme
454 4532 491 4586 de
520 4533 790 4604 Ichthyophagis
820 4533 952 4601 quidem
979 4531 1175 4586 Oleomodes
1202 4527 1547 4584 000000111001οΡ0-

264 4619 292 4655 s1
322 4619 408 4659 0010.

353 4694 376 4764 ⁶)
395 4695 545 4754 Notionem
570 4679 759 4763 ἡγεμονικὸν
787 4694 906 4765 explieat
924 4693 982 4750 (lic.
1002 4693 1036 4749 de
1055 4697 1110 4749 nst.
1130 4691 1205 4749 deor.
1225 4691 1266 4762 II,
1288 4692 1376 4761 mas.
