3618 5164
768 307 989 372 ..73-

175 551 178 555 -
236 499 495 588 philosophorum
518 523 650 588 corpora
672 501 789 569 multos
811 501 909 572 libros
932 504 1128 569 continentia
1149 507 1432 588 perscrutarentur,
1459 502 1515 568 scd

237 608 431 695 compendiis
453 631 536 696 qnae
558 609 707 677 dicuntur
728 609 824 677 irrisae
847 616 1020 678 contentos.
1065 608 1182 676 Nonne
1206 609 1408 678 Oleomedem
1439 632 1514 694 quo-

237 737 299 801 qne
332 739 425 784 usum
459 738 528 784 esse
560 717 755 802 compendio,
785 719 819 783 in
850 740 914 803 quo
936 717 1101 784 Posidonii
1123 724 1266 784 coactam
1288 718 1323 784 in
1345 722 1516 803 angustum

238 824 415 892 doctrinam
446 825 628 893 inveniebat
658 827 791 892 mixtam
822 848 895 893 cum
926 831 1101 893 ceterorum
1132 824 1311 893 Stoicorum
1342 825 1517 919 sententiis,

238 931 304 998 vari
327 937 376 999 est
397 930 523 999 simile?
567 931 677 999 Meam
700 934 890 1000 sententiam
912 955 977 1000 non
1000 954 1069 999 esse
1087 933 1262 999 inauditam
1283 932 1517 999 demonstratur

238 1038 309 1106 loco
332 1038 448 1107 Dielsii
470 1039 623 1126 (Doxogr.
648 1038 704 1108 Gr.
727 1063 758 1127 p.
776 1042 838 1124 19),
856 1063 959 1126 quem,
977 1040 1062 1126 quod
1084 1041 1192 1126 magni
1215 1046 1264 1106 est
1284 1040 1441 1126 ponderis,
1463 1061 1517 1105 ex·

238 1145 354 1214 scribo:
383 1195 418 1238 ‚„
440 1196 574 1215 .....
596 1146 750 1231 Achilles,
771 1149 827 1233 qui
849 1153 951 1215 totum
974 1149 1233 1215 commentarium
1252 1168 1292 1213 ex
1309 1147 1421 1213 alienis
1444 1169 1516 1213 oon·

237 1254 347 1321 texuit.
368 1253 610 1322 fundamentum
633 1261 702 1323 erat
725 1254 869 1324 Stoicum
896 1256 1026 1342 aliquod
1053 1255 1275 1341 compendium
1298 1255 1517 1321 astronomiae.
1648 1252 1652 1258 ’

238 1359 313 1428 huic
335 1363 442 1429 vanae
464 1362 609 1430 lectionis
631 1361 725 1430 flores
748 1362 916 1449 diligentia
944 1365 1063 1430 maiore
1092 1385 1188 1448 quam
1211 1363 1356 1430 doctrina
1377 1362 1428 1428 vel
1450 1367 1518 1428 arte

238 1469 347 1536 inserti
362 1475 445 1537 sunt.
490 1469 632 1538 Stoicam
651 1492 719 1537 esse
737 1470 940 1556 disciplinam
962 1492 1095 1556 eamque
1114 1470 1316 1538 aPosidonio
1335 1492 1398 1536 non
1416 1470 1518 1554 primo

238 1575 295 1644 sed
317 1578 502 1662 gravissimo
525 1577 612 1664 apud
634 1600 708 1645 suos
731 1563 1029 1646 mathematicorum
1052 1583 1180 1645 auctore
1213 1578 1426 1660 derivandam,
1457 1576 1519 1643 hoc

238 1685 285 1750 ita
307 1691 452 1771 apertum
474 1693 531 1768 est,
563 1691 600 1752 ut
622 1687 818 1771 argumentis
840 1708 980 1772 parcam.
1007 1687 1131 1752 minus
1163 1692 1292 1753 notum
1322 1691 1381 1751 est
1411 1684 1518 1751 Posi·

239 1791 345 1859 donii
368 1792 581 1860 doctrinam
603 1794 726 1879 ipsius
749 1794 860 1861 libris
882 1817 956 1861 non
978 1795 1099 1879 magia
1122 1817 1231 1879 qnam
1250 1792 1520 1878 discipulorum

240 1899 449 1966 sedulitate
481 1901 518 1966 in
550 1900 685 1987 vulgus
714 1902 856 1968 elatam
884 1908 999 1986 atque
1023 1902 1245 1987 popularem
1268 1922 1349 1966 esse
1371 1899 1519 1966 factam.

239 2007 287 2072 ita
319 1993 475 2074 Senecam
507 2031 546 2074 ex
576 2007 805 2095 Asclepiodoto
836 2009 1008 2077 Nicaeensi
1032 2059 1039 2075 .
1063 2058 1070 2075 .
1093 2058 1101 2074 .
1126 2008 1299 2074 Naturales
1321 2009 1521 2092 quaestiones

240 2113 464 2181 Posidoniania
484 2115 594 2182 rivulis
617 2117 765 2203 irrigasse
787 2118 853 2183 veri
876 2116 977 2183 simile
1000 2122 1057 2199 est,
1090 2118 1136 2182 ita
1166 2115 1322 2184 Geminus
1345 2115 1520 2181 sollertissi-

240 2244 312 2288 mus
343 2222 410 2289 eius
442 2223 569 2290 auditor
600 2225 844 2310 meteorologica
876 2225 909 2290 in
941 2226 1100 2310 epitomen
1124 2228 1279 2309 co'e'gerat,
1311 2224 1357 2288 ita
1379 2221 1521 2288 Phanias

241 2329 365 2397 scholas
397 2329 629 2398 Posidonianas
659 2330 802 2417 vulgavit
831 2332 942 2418 [Diog.
964 2331 1044 2414 VII,
1067 2333 1133 2418 41].
1165 2353 1224 2397 nac
1251 2352 1342 2397 secus
1364 2328 1522 2395 Aelianus

241 2459 306 2503 non
329 2436 502 2521 Posidonii,
533 2461 625 2524 quern
650 2461 668 2505 c
693 2443 725 2506 1ι
753 2440 905 2522 nominat,
937 2440 994 2506 sed
1017 2437 1235 2524 Asclepiodoti
1268 2437 1408 2518 Tactica,
1440 2455 1521 2520 quae

242 2551 393 2627 tenemus,
416 2545 536 2631 expilat
537 2595 700 2613 ......
722 2548 818 2633 plane
841 2547 953 2614 eodem
975 2548 1069 2613 modo
1088 2569 1150 2612 non
1170 2545 1341 2612 Posidonio
1364 2545 1442 2629 ipso,
1465 2541 1520 2608 sed

243 2651 389 2739 discipuli
421 2653 607 2740 compendio
639 2677 716 2721 usus
747 2661 797 2721 est
827 2653 981 2721 Achilles.
1015 2654 1085 2721 dico
1118 2653 1314 2721 Diodorum‘
1346 2658 1404 2718 etc.
1449 2649 1522 2734 Ego

243 2759 326 2827 addo
345 2759 508 2828 Thoonem
528 2760 738 2849 Smyrnaeum
762 2768 794 2829 et
814 2762 1024 2845 chalcidium,
1048 2785 1127 2848 quos
1149 2783 1208 2848 per
1221 2759 1400 2827 Adrastum
1422 2757 1523 2823 multa

249 2890 289 2934 ex
310 2867 475 2937 Posidonii
496 2869 585 2936 libris
608 2892 676 2937 esse
699 2876 861 2938 mutuatos
883 2872 1010 2957 saepius
1032 2870 1352 2938 commemoravimus.

337 3030 430 3117 Quae
453 3054 525 3099 cum
547 3034 594 3100 ita
615 3039 729 3117 essent,
751 3033 909 3119 quomodo
931 3032 1000 3099 fieri
1022 3033 1134 3118 potuit,
1161 3038 1199 3098 nt
1219 3031 1305 3098 solus
1329 3028 1523 3109 Oleomcdes,

247 3139 303 3224 qui
324 3140 454 3206 minime
477 3141 651 3208 excellebat
672 3147 799 3227 practer
820 3147 941 3207 ceteros
964 3141 1129 3226 diligentia
1158 3145 1215 3206 aut
1243 3137 1428 3218 eruditione,
1459 3157 1524 3201 non

247 3247 315 3332 ipse
337 3268 462 3332 quoque
485 3248 650 3315 adhiberet
672 3249 736 3316 tale
760 3248 990 3334 compendium,
1022 3247 1079 3314 aed
1110 3249 1209 3333 ipsius
1237 3245 1400 3312 Posidonii
1426 3243 1523 3328 inspi-

247 3360 332 3420 ceret
353 3353 473 3422 libros?
517 3355 676 3441 Equidem
699 3356 784 3442 quod
807 3358 872 3422 iarn
891 3379 988 3441 supra
1006 3356 1218 3422 demonstravi
1237 3352 1415 3439 philosophi
1433 3349 1524 3436 Apa

248 3464 382 3529 rneausis
404 3462 501 3531 libroa
524 3486 588 3530 non
612 3465 709 3530 fuisse
732 3465 766 3529 in
790 3464 969 3532 Cleomedis
993 3462 1147 3546 manibus,
1176 3469 1276 3528 teneo.
1321 3459 1437 3526 Nonne
1460 3460 1524 3523 iarn

246 3569 331 3654 inde,
362 3571 447 3655 quod
470 3569 602 3654 Seneca,
634 3573 688 3657 qui
715 3573 844 3657 propius
872 3571 914 3637 ad
937 3571 1099 3638 Posidonii
1124 3575 1261 3636 aetatem
1285 3568 1408 3634 accedit
1429 3589 1524 3651 quam

248 3675 442 3760 Oleomedcs,
474 3700 538 3745 non
561 3701 600 3746 ex
623 3679 795 3746 Posidonio
817 3679 933 3761 hausit,
965 3679 1021 3744 sed
1049 3699 1088 3744 ex
1110 3676 1265 3762 discipulo
1288 3673 1524 3759 Asclepiodoto,

246 3784 403 3871 intellegis
425 3787 535 3871 primia
557 3809 587 3873 p.
608 3787 684 3862 chr.
702 3811 732 3852 n.
751 3786 885 3853 saeculis
908 3786 1072 3853 Posidonii
1094 3784 1191 3851 libros
1214 3805 1282 3850 esse
1305 3778 1525 3866 compensatos

246 3891 463 3981 compendiis?
495 3933 537 3944 -
570 3894 658 3981 Ergo
690 3916 754 3961 non
787 3893 905 3976 dubito,
938 3895 1014 3979 quin
1046 3875 1225 3961 Cleomedis
1254 3890 1335 3957 liber
1356 3892 1389 3955 in
1413 3888 1525 3955 eodem

246 4024 361 4088 genere
384 4003 610 4088 scripturarum
633 4005 676 4069 sit
696 4001 870 4088 ponendus,
898 4003 931 4067 in
954 4023 1016 4085 quo
1039 4021 1242 4067 numeramus
1266 3997 1436 4079 Achillem,
1461 3994 1524 4063 Ge-

245 4109 571 4196 minum,ltPheonem
596 4109 816 4199 Smyrnaeum,
847 4108 980 4175 fortasse
1003 4107 1167 4175 laertium
1190 4129 1314 4192 quoque
1337 4105 1525 4190 Diogenem,

245 4218 301 4305 qui
318 4215 591 4285 vehementissime
614 4219 722 4287 omnia
743 4219 910 4285 contraxit
954 4215 1038 4282 Erat
1059 4218 1226 4301 εἰσαγωγή,
1250 4219 1287 4280 αι
1306 4212 1432 4280 Graeca
1450 4232 1525 4277 voce

245 4331 327 4394 utar.
371 4323 447 4412 Ipse
465 4327 511 4392 sic
533 4326 677 4412 appellat
697 4325 839 4392 libellum
862 4346 952 4391 suum
977 4346 1008 4411 p.
1033 4326 1128 4406 118,4
1155 4326 1188 4388 tv
1210 4323 1334 4406 τοιαύτῃ
1358 4323 1525 4404 εἰσαγωγῇ,

246 4432 284 4502 οι
307 4433 417 4501 titulos
438 4433 590 4502 librorum
613 4433 751 4500 Achillis
774 4438 807 4500 et
830 4431 972 4513 Gemini3
997 4429 1118 4498 Theon.
1138 4428 1263 4516 Smyrn.
1281 4452 1312 4514 p.
1333 4430 1408 4509 119,
1430 4424 1526 4492 2οΗ

246 4544 472 4628 στοιχειωδῶς,·
497 4546 589 4624 120,7
615 4545 750 4627 σύνοψιν
773 4589 906 4607 .....
929 4540 1179 4624 κεφαλαιωδῶς
1202 4536 1307 4604 haara
1326 4535 1422 4620 Diog.
1446 4533 1525 4616 VH,

248 4652 320 4736 131,
337 4657 433 4720 ταῦτα
453 4653 482 4719 δ’
503 4651 550 4726 ὡς
568 4653 601 4719 ἐν
618 4651 801 4734 κεφαλαίοις
818 4651 894 4736 ἡμῖν
912 4649 1055 4733 λελέχθω
1073 4647 1127 4712 καὶ
1146 4645 1365 4731 στοιχειωδῶς.
1412 4639 1524 4708 'Palem
