3618 5164
855 332 1075 396 ..44-

319 525 488 610 gehende
512 525 733 610 Wirhungen“
757 532 940 610 comparato
965 525 1038 594 Son.
1063 550 1110 611 ep.
1137 531 1253 610 113,23
1278 535 1310 594 et
1333 552 1353 594 a
1377 528 1508 613 Steinio,
1537 531 1601 604 Die

318 633 463 720 l’syohol.
488 633 544 699 der
567 632 648 701 Stoa
670 633 766 719 (Berl.
777 632 868 700 Stud.
883 633 904 699 f.
919 633 974 699 Kl.
985 634 1067 700 Phil.
1091 634 1157 717 ΙΠ,
1184 636 1214 718 1)
1237 636 1295 703 101.
1319 636 1347 718 Ι,
1369 635 1479 702 Berlin
1506 642 1600 722 1886,

318 765 348 826 p.
374 743 557 807 167-169.
603 739 689 807 Nam
713 763 772 826 ego
796 763 921 826 quoque
943 742 1033 808 illum
1056 743 1090 807 in
1113 743 1206 808 corde
1225 765 1295 809 esse
1313 750 1414 810 totam
1434 746 1600 830 animam¹)

318 849 466 914 statuisse
490 847 625 930 affirm03
659 851 766 933 itaque
789 850 967 934 comprob0,
998 851 1082 934 quod
1106 853 1251 935 exposuit
1275 850 1374 934 Stein,
1397 852 1417 917 1.
1440 854 1460 918 l.
1480 876 1509 938 p.
1536 857 1599 921 170

318 961 429 1022 contra
450 956 629 1023 Hirzelium
658 980 689 1042 p.
715 961 776 1023 151
802 980 868 1042 sqq.
899 940 1073 1024 secundum
1107 958 1296 1026 Cleanthem
1326 960 1460 1026 rationis
1492 961 1599 1026 sedem

318 1086 386 1129 esse
405 1064 567 1130 cerebrum
587 1065 761 1131 docentem.
782 1105 823 1114 --
843 1065 927 1131 Tum
944 1067 1085 1131 animum
1104 1067 1252 1132 attendas
1271 1067 1313 1132 ad
1331 1067 1411 1133 illud
1429 1072 1470 1153 (p.
1492 1071 1599 1153 1887)

316 1173 372 1255 τῆν
404 1172 513 1257 ψυχὴν
544 1176 748 1257 τεταμένην
781 1174 844 1238 ἀπὸ
876 1181 941 1239 τῶν
972 1176 1118 1258 περάτων
1145 1175 1164 1238 1.
1188 1196 1215 1238 e.
1239 1175 1378 1240 animam
1401 1176 1557 1242 intentam
1579 1199 1600 1242 a

316 1277 432 1345 finibus
455 1280 505 1344 vel
527 1302 626 1364 usque
650 1280 692 1345 ad
715 1279 803 1346 fines.
848 1281 960 1366 Ipsum
987 1289 1094 1347 autem
1119 1281 1308 1349 Cleanthem
1330 1290 1457 1367 praeter
1479 1290 1599 1350 ceteros

319 1384 444 1453 Stoicos
454 1393 613 1453 versatum
623 1409 691 1454 esse
701 1389 870 1473 praecipue
879 1390 912 1454 in
924 1411 962 1454 ea
972 1389 1197 1473 disquisitione,
1216 1412 1280 1473 qua
1293 1391 1383 1462 τόνος
1392 1391 1599 1475 tractabatur,

317 1497 399 1560 inter
430 1495 512 1560 viros
541 1495 649 1561 doctos
677 1502 810 1578 constat,
845 1496 882 1562 of.
907 1495 1022 1578 Zeller,
1045 1496 1065 1562 l.
1088 1497 1108 1561 l.
1132 1497 1197 1566 HL
1223 1497 1265 1578 1³,
1300 1500 1372 1580 119,
1397 1501 1430 1580 23
1466 1502 1538 1581 118,
1562 1503 1596 1582 53

317 1605 391 1684 240,
416 1605 449 1684 53
482 1602 602 1685 Hirzel,
634 1603 654 1668 l.
677 1603 697 1669 l.
729 1603 776 1686 II,
806 1608 834 1686 1,
862 1607 923 1669 158
947 1627 1018 1689 sqq3
1050 1607 1128 1685 216;
1163 1603 1263 1687 Stein,
1286 1605 1306 1670 l.
1329 1605 1349 1670 1.
1372 1629 1402 1690 p.
1427 1610 1483 1688 733
1519 1609 1597 1690 1643

209 1803 210 1806 Ἴ
319 1713 381 1776 169
392 1733 457 1795 sqq.
485 1711 618 1795 'Itaque
638 1711 742 1777 adhuc
760 1712 806 1776 nil
824 1711 937 1793 obstat,
961 1734 1001 1777 ne
1021 1711 1106 1778 huno
1123 1712 1228 1778 locum
1246 1712 1422 1779 tribuamus
1440 1714 1597 1781 Cleanthi.

267 1817 271 1826 '
318 1857 359 1867 -
392 1818 557 1884 Postremo
576 1819 777 1908 ,accedamus
805 1820 916 1902 adea,
946 1842 1027 1904 quae
1051 1819 1140 1886 Theo
1164 1819 1292 1886 exhibet
1313 1844 1343 1905 p.
1369 1825 1442 1903 187,
1465 1824 1596 1887 23-25

303 1928 383 1999 tolon
405 1935 545 2013 ψυχικῆς
568 1928 621 1992 καὶ
644 1928 723 1992 κατὰ
745 1929 844 1993 τόπον
868 1931 1048 2013 ὁρμητικῆς,
1072 1931 1234 2014 ὀρεκτικῆς
1252 1930 1306 1993 καὶ
1321 1938 1529 2016 φανταστικῆς
1543 1932 1597 1996 καὶ

317 2035 522 2120 ὁιανοητικῆς.
568 2034 751 2100 Difficultas
769 2036 834 2100 iam
853 2036 892 2100 de
910 2035 1044 2101 lectione
1063 2037 1178 2100 existit.
1225 2035 1320 2119 Quod
1337 2038 1421 2101 enim
1440 2043 1512 2120 post-
1530 2040 1597 2104 οἷον

316 2141 440 2209 codices
455 2141 611 2218 exhibent,
622 2151 762 2228 ψυχικῆς
776 2165 840 2208 non
855 2149 976 2208 rectum
991 2165 1059 2208 esse
1075 2143 1185 2208 elucet.
1230 2141 1317 2208 Nam
1326 2165 1399 2208 cum
1409 2144 1486 2210 dicit
1493 2146 1597 2230 πάσης

315 2257 455 2335 ψυχικῆς
475 2251 650 2334 δυνάμεως,
670 2251 889 2335 complectitur
903 2251 968 2315 iam
983 2272 1091 2316 omnes
1100 2250 1268 2316 facultates
1278 2251 1411 2332 animae,
1429 2257 1597 2334 quaetunc

313 2363 545 2423 enumerantur.
586 2357 701 2442 Itaque
715 2359 749 2423 in
759 2359 994 2424 enumeratione
1005 2358 1201 2442 singularum
1209 2357 1398 2424 facultatum
1407 2359 1486 2424 falso
1494 2361 1596 2443 repeti

312 2464 393 2531 illud
414 2473 554 2551 ψυχικῆς
577 2471 722 2550 apertum
745 2471 802 2531 est.
848 2465 943 2550 Quod
962 2465 1091 2531 verbum
1110 2471 1146 2531 ut
1164 2465 1318 2549 emendet,
1336 2465 1443 2532 Hillcr
1460 2467 1596 2533 coniecit

313 2575 484 2660 θρεπτικῆς
493 2579 676 2658 comparato
685 2571 820 2639 Aristot
829 2575 901 2657 περὶ
909 2583 1017 2660 ψυχῆς
1026 2574 1073 2655 Π,
1084 2577 1113 2638 3.
1160 2571 1196 2641 Si
1211 2575 1338 2641 omnino
1352 2573 1501 2640 hiolocus
1510 2579 1595 2641 esset

313 2680 494 2762 mutandus,
526 2703 585 2766 ego
616 2703 824 2766 proponerem
856 2690 989 2767 φυτικῆς
1021 2681 1107 2766 quod
1135 2688 1264 2766 propter
1285 2681 1463 2748 litterarum
1486 2681 1594 2748 simih'-

313 2787 455 2854 tudinem
478 2788 602 2855 facibus
634 2791 792 2874 corrumpi
823 2791 928 2874 potuit
958 2791 991 2853 in
1023 2797 1163 2875 ψυχικῆς
1197 2812 1292 2873 quam
1324 2811 1386 2857 vox
1417 2793 1595 2876 θρεπτικῆς.

312 2894 400 2961 Nam
414 2898 568 2982 ,φυτικὴν
588 2898 740 2982 ὃύναμιν“
763 2898 841 2962 verti
859 2919 952 2982 posse
970 2896 1172 2979 „facultatem
1195 2897 1363 2982 gignendi“
1386 2899 1595 2983 comperimus

313 3027 352 3070 ex
376 3003 565 3072 Theodoret.
590 3003 703 3072 Graec.
734 3003 786 3070 aff.
809 3026 873 3071 our.
897 3029 926 3090 p.
951 3006 1047 3087 45,10
1076 3011 1108 3070 et
1131 3008 1241 3086 75‚36;
1267 3004 1344 3088 351²)
1392 3002 1458 3071 Sed
1487 3006 1593 3090 potius

315 3112 484 3178 delendum
507 3118 557 3179 est
578 3119 668 3179 vetus
691 3113 858 3198 glossema
905 3113 1119 3197 Cognovimus
1142 3114 1226 3178 enim
1249 3113 1504 3198 argumentisque
1522 3135 1593 3198 pro-

312 3220 456 3286 bavimus
494 3220 579 3287 hanc
616 3227 716 3287 totam
755 3227 877 3306 partem
909 3223 1195 3306 (rente-resa)
1227 3242 1337 3306 sapere
1377 3219 1592 3288 Stoicorum

314 3327 499 3394 doctrinam.
544 3329 585 3394 In
608 3351 705 3413 quam
729 3330 755 3394 si
778 3336 906 3413 repente
930 3328 1130 3394 manifestam
1153 3329 1499 3413 Peripateticorum
1522 3351 1592 3395 sen-

313 3437 446 3501 tentiam
469 3437 646 3502 invenimus
673 3437 879 3518 interiectam,
910 3437 1045 3521 suspicio
1068 3442 1219 3501 movetur.
1265 3432 1399 3502 Aristot
1423 3437 1463 3502 (le
1486 3438 1594 3504 anima

312 3543 360 3625 Π,
393 3548 422 3626 3,
454 3547 546 3610 ella
578 3547 617 3609 31
654 3544 743 3610 dicit:
799 3547 947 3629 δυνάμεις
984 3546 1013 3609 δ’
1048 3547 1175 3628 εἴπομεν
1207 3544 1386 3634 Ιθρεπτικόν,
1421 3546 1591 3628 ὀρεκτικόν,

313 3654 506 3737 αἰσθητικόν,
525 3653 682 3738 κινητικὸν
701 3653 780 3718 κατὰ
797 3654 902 3728 τόπον,
923 3653 1127 3737 διανοητικόν.
1175 3650 1237 3730 Oui
1254 3650 1323 3717 loco
1342 3653 1428 3718 omni
1445 3673 1485 3717 ex
1502 3657 1594 3738 parte

314 3761 461 3844 congruit
491 3760 571 3826 illud
602 3760 772 3844 glossema3
805 3783 878 3825 nam
914 3760 1000 3844 apud
1026 3758 1255 3843 Peripateticos
1278 3761 1486 3844 φανταστικὸν
1508 3760 1594 3826 idem

314 3889 382 3932 csse
414 3874 510 3952 atque
536 3869 720 3954 αἰσθητικὸν
752 3868 920 3954 edocemur
953 3867 993 3933 ab
1023 3865 1157 3932 Aristot
1179 3889 1210 3952 p.
1233 3869 1326 3932 45911
1350 3870 1405 3934 151
1451 3871 1513 3933 ἔστι
1535 3869 1594 3954 μὲν

315 3977 529 3993 ——-

403 4013 428 4153 11
443 4012 498 4138 1111
500 4011 648 4139 ‹lindopiindI
650 4011 793 4138 Thbddldi
810 4009 1050 4151 locdodtdiiidldi.
1062 4008 1169 4151 {tm
1187 4081 1249 4135 adn.
1269 4085 1322 4136 339
1343 4080 1495 4137 concludit:
1525 4080 1595 4151 „Die

315 4173 425 4228 titoilxer
452 4173 542 4228 haben
569 4174 618 4228 das
644 4155 815 4240 θρεπτικὸν
845 4173 883 4226 als
913 4172 1057 4228 Seelenteil
1084 4170 1278 4226 euedrr'icklioh
1304 4170 1362 4225 und
1388 4171 1522 4243 ruudweg
1549 4190 1596 4242 ge·

314 4263 448 4333 leuguet.“
488 4263 566 4319 Steiu
588 4263 681 4318 locum
698 4281 754 4318 non
771 4267 845 4318 recte
863 4263 1065 4332 interpretetur.
1101 4261 1174 4315 Nam
1204 4244 1260 4328 τὴν
1294 4243 1429 4328 ψυτικῆν
1462 4246 1596 4330 δύναμιν

314 4354 470 4410 subiectum
498 4358 552 4424 eet,
583 4371 639 4408 uon
665 4353 862 4422 praedicatum.
899 4352 987 4408 Stoici
1014 4355 1109 4407 contra
1135 4349 1315 4405 Aristotelem
1341 4354 1435 4406 vetant
1461 4335 1596 4419 φυτικὴν

317 4428 450 4513 ,δύναμιν
473 4443 606 4514 apponas
632 4429 742 4511 ψυχήν
761 4442 809 4510 (ιι.
829 4442 973 4510 nussam,
992 4442 1009 4499 1,
1028 4442 1046 4495 1.
1066 4439 1106 4510 11,
1125 4459 1153 4510 p.
1172 4443 1206 4494 es
1225 4438 1288 4494 aun.
1307 4440 1360 4509 43).
1388 4439 1500 4510 nieme,
1519 4440 1596 4496 111111

315 4552 374 4590 «rese
392 4534 590 4590 facultatem
612 4532 726 4602 animae,
745 4550 803 4587 non
820 4533 910 4603 ipsam
928 4533 1054 4586 animem.
1091 4529 1254 4585 Aristoteles
1273 4533 1365 4584 autem
1383 4513 1519 4598 φυτικὴν
1541 4514 1596 4578 καὶ

315 4607 488 4693 θρεπτικῆν
510 4607 620 4692 ψυχὴν
648 4627 786 4678 statuerat.
814 4623 849 4678 of.
878 4622 975 4693 Zeller,
998 4621 1053 4676 l.1.
1081 4619 1122 4690 11,
1142 4618 1179 4688 2⁸,
1198 4621 1265 4688 5093
1292 4622 1386 4689 nee,
1422 4619 1538 4676 Aristot.
1561 4619 1596 4675 de

315 4699 407 4753 enimc
423 4695 464 4767 H,
485 4701 511 4767 4,
529 4701 604 4752 11511
623 4699 666 4752 25.
