3632 5144
800 338 1021 406 ..3g..

266 538 313 603 ita
330 538 542 620 instituamus,
561 546 597 603 ut
614 537 755 621 singulas
767 538 967 620 quaestiones
985 559 1042 621 per
1060 543 1161 602 totum
1179 537 1292 602 librum
1314 537 1545 621 investigemus.

270 643 358 728 Quid
380 668 505 730 quoque
527 645 597 711 loco
620 645 659 710 de
682 645 791 710 eadem
812 666 846 710 re
865 645 989 726 sentiat,
1012 650 1119 709 utrum
1137 645 1367 728 repugnantiae
1387 645 1549 710 invenian-

270 757 323 817 tur
344 775 386 817 an
410 752 526 836 ubique
550 753 635 818 idem
659 751 771 817 doceat
795 750 991 832 Cleomedes,
1014 752 1238 816 examinemus.

358 859 385 924 I.
432 882 460 924 a.
487 860 559 925 Iam
592 881 689 944 supra
720 862 761 944 (p.
785 863 828 923 33
852 861 909 942 sq.)
939 859 1104 943 attigimus
1133 859 1358 942 quaestionem,
1390 879 1471 942 quae
1503 863 1552 923 est

270 967 314 1032 de
338 989 432 1032 zona
454 966 609 1033 torrida.
657 966 843 1034 Cleomedes
866 967 933 1049 ipse
956 965 1044 1030 illam
1067 965 1205 1031 habitari
1224 988 1286 1031 uon
1305 987 1397 1050 posse
1417 964 1549 1030 arbitra·

269 1079 321 1138 tus
344 1074 434 1139 reicit
457 1075 634 1158 opinionem
660 1072 833 1154 Posidonii,
865 1095 885 1138 a
914 1095 977 1156 quo
1000 1073 1088 1138 illam
1111 1072 1317 1138 habitabilem
1341 1095 1409 1138 osse
1433 1072 1550 1137 dictam

271 1181 458 1248 Cleomedon
481 1181 635 1265 expressis
659 1181 762 1245 verbis
785 1180 890 1245 tradit
938 1178 1020 1247 (lum
1043 1181 1128 1244 enim
1151 1180 1228 1245 dicit
1250 1185 1291 1264 (p.
1317 1183 1438 1261 60.24);
1471 1181 1551 1244 ὥστε

271 1291 330 1353 οὐκ
363 1290 474 1371 ὀρθῶς
506 1291 606 1353 ἔοικεν
639 1291 775 1353 ἐνταῦθα
808 1290 962 1372 φέρεσθαι
994 1290 1013 1353 ὁ
1042 1288 1267 1362 Ποσειδώνιος,
1300 1287 1551 1352 adversariorum

271 1395 434 1460 Posidonii
444 1395 634 1460 sententiam
646 1416 714 1460 esse
724 1417 815 1459 suam
824 1393 997 1478 profitetur.
1042 1394 1158 1478 Itaque
1176 1416 1368 1478 quamquam
1387 1398 1553 1458 verumest

272 1502 358 1585 apud
369 1500 572 1569 Cleomedem
590 1502 712 1566 nullum
727 1501 904 1585 philosophi
916 1502 966 1566 vel
975 1502 1144 1586 scriptoris,
1163 1502 1217 1585 qui
1227 1507 1378 1585 eratpost
1386 1500 1552 1566 Posidonii

272 1615 418 1691 aetatem,
441 1615 565 1674 exstare
584 1631 708 1689 nomen,
730 1615 838 1674 temen
857 1631 921 1674 uon
940 1608 1059 1690 dubito,
1083 1609 1168 1692 quin,
1192 1631 1263 1674 cum
1282 1603 1327 1672 illi
1347 1609 1552 1691 ἀντιλέγοντες

270 1726 307 1801 τῇ
327 1718 405 1800 δόξῃ
425 1718 519 1800 ταύτῃ
538 1724 593 1781 τοῦ
612 1717 832 1782 Ποσειδωνίου
851 1715 1030 1800 loquantur,
1049 1721 1170 1801 spectet
1189 1715 1376 1783 Cleomedon
1395 1714 1437 1780 ad
1455 1715 1552 1798 serip-

271 1830 363 1904 tores,
387 1824 441 1906 qui
460 1829 532 1907 post
550 1823 756 1888 Posidonium
775 1830 874 1888 erant
920 1823 1095 1889 Doctrinae
1114 1823 1287 1904 Posidonii,
1310 1829 1347 1888 ut
1364 1821 1426 1888 hoc
1443 1820 1552 1888 statim

272 1930 403 2011 addam,
440 1931 536 1995 etiam
573 1936 698 2013 praeter
731 1929 934 1997 Oleomedem
974 1931 1117 1996 nonnulli
1150 1932 1338 1996 exstiterunt
1372 1929 1552 1995 adversarii.

274 2036 390 2102 Strabo
409 2039 495 2101 enim
513 2037 559 2118 II,
580 2041 608 2104 5.
628 2042 647 2102 3
667 2059 779 2102 zonam
798 2037 950 2103 torridam
969 2044 1098 2122 propter
1115 2044 1238 2103 aestum
1257 2059 1325 2103 esse
1342 2036 1552 2102 inhabitatam

272 2145 372 2226 docet,
402 2144 514 2209 eadem
544 2146 701 2210 sententia
728 2146 887 2210 invenitur
913 2145 1000 2229 apud
1023 2145 1185 2211 Thoonem
1210 2145 1335 2230 Smyrn.
1358 2166 1388 2228 p.
1414 2147 1486 2223 133,
1511 2145 1550 2207 ll

274 2251 387 2332 Hiller,
415 2251 452 2316 cf.
476 2249 558 2316 Ach.
582 2251 660 2336 isag.
683 2274 708 2317 c.
733 2254 784 2334 29,
807 2275 838 2336 p.
863 2255 935 2334 6ῡ,2
959 2252 1076 2334 Maass3
1107 2276 1137 2337 p.
1163 2255 1258 2333 9634
1282 2251 1393 2316 Maass.
1438 2249 1552 2332 Itaque

273 2380 336 2423 non
369 2357 462 2423 credo
496 2357 698 2426 Cleomedem
731 2381 770 2424 ex
802 2382 859 2425 suo
891 2361 990 2444 ipsius
1021 2361 1148 2444 ingenio
1185 2359 1329 2424 hausisse
1367 2362 1555 2441 argumenta

274 2471 384 2531 contra
393 2466 608 2548 Posidonium,
633 2467 688 2531 sed
706 2467 816 2532 eadem
833 2468 1001 2550 protulisse
1020 2490 1058 2534 ac
1075 2468 1191 2533 multos
1216 2466 1304 2532 alios.
1350 2464 1425 2530 Hac
1448 2467 1554 2528 autem

274 2573 492 2637 observatione
529 2572 621 2638 nobis
658 2575 771 2639 summi
809 2576 959 2639 momenti
996 2597 1076 2640 ansa
1106 2573 1276 2659 praebetur
1308 2573 1349 2638 ad
1382 2569 1555 2636 eruendam

274 2680 438 2760 rationem,
468 2701 550 2763 quae
573 2681 741 2746 intercedit
762 2683 845 2746 inter
867 2682 1074 2748 Posidonium
1097 2688 1130 2747 et
1153 2679 1364 2749 Cleomedem.
1411 2676 1447 2744 Si
1471 2677 1555 2741 euim

277 2785 463 2852 Cleomedes
486 2794 535 2851 est
556 2786 763 2872 philosophus
785 2796 935 2854 constans
958 2795 991 2854 et
1013 2789 1073 2854 sibi
1096 2789 1304 2869 consentiens,
1331 2807 1455 2870 semper
1482 2805 1555 2849 con·

274 2893 657 2960 traria1nPosid0uianae
677 2897 866 2961 sententiam
884 2920 914 2981 p.
935 2900 977 2963 60
997 2897 1026 2962 Z
1046 2896 1203 2981 prolatam
1221 2896 1310 2980 sequi
1334 2894 1436 2974 debet,
1460 2897 1555 2975 atque

275 3002 302 3065 si
324 3023 376 3065 res
396 3039 436 3048 -
457 3002 539 3085 quod
564 3003 706 3068 nonnulli
729 3003 863 3087 probare
887 3004 1041 3086 student¹)
1061 3006 1168 3070 -ita
1191 3026 1224 3069 se
1246 3002 1387 3083 haberet,
1410 3006 1447 3066 ut
1463 2998 1556 3066 Oleo·

277 3108 383 3173 medes
416 3114 501 3174 totus
532 3109 683 3193 penderet
717 3133 756 3175 ex
788 3111 973 3194 Posidonio,
1010 3112 1156 3178 omuibus
1187 3112 1278 3192 locis,
1310 3108 1425 3194 quibus
1457 3127 1554 3172 zonas

277 3215 415 3280 torridae
438 3215 476 3281 fit
499 3218 624 3299 mentio,
649 3218 778 3284 deberet
800 3241 953 3303 apparere
973 3242 993 3285 a
1013 3218 1182 3285 Cleomede
1201 3219 1250 3284 vel
1269 3217 1384 3302 corrigi
1408 3214 1458 3280 vel
1480 3213 1557 3279 reici

277 3322 440 3387 Posidonii
463 3325 652 3407 opinionem.
698 3325 883 3408 Videamus,
906 3327 1063 3410 quomodo
1086 3348 1136 3392 res
1159 3348 1193 3392 se
1216 3325 1341 3391 habeat

368 3447 397 3513 b.
431 3447 609 3514 Statnimus
640 3451 704 3514 iam
737 3474 833 3535 supra
864 3457 905 3536 (p.
929 3456 972 3518 34
997 3453 1075 3534 init)
1107 3475 1127 3517 a
1155 3451 1324 3520 Cleomede
1352 3473 1381 3535 p.
1405 3445 1555 3530 rolez

280 3557 394 3619 mirum
418 3557 450 3620 in
475 3557 603 3622 modum
627 3559 743 3622 servari
761 3558 923 3625 Posidonii
947 3561 1136 3644 opinionem,
1159 3579 1352 3644 quamquam
1374 3557 1441 3642 ipse
1465 3555 1558 3620 aliter

280 3663 383 3728 sentit.
429 3663 553 3747 ltaque,
580 3664 664 3748 quod
693 3664 752 3730 hoc
775 3666 844 3731 loco
867 3689 968 3750 neque
991 3668 1120 3752 corrigit
1141 3689 1243 3752 neque
1265 3666 1355 3732 reicit
1377 3663 1557 3748 opinionem

281 3771 479 3850 contrariam,
505 3771 690 3838 Cleomedes
713 3773 883 3857 neglegens
905 3781 954 3839 est
977 3776 1137 3841 dicendus.
1161 3813 1194 3824 -
1226 3775 1267 3840 Iu
1290 3773 1394 3858 capite
1410 3767 1557 3847 secundo,

281 3878 452 3960 quodiam
475 3878 608 3944 Martini
633 3879 781 3962 (Lucubr.
804 3881 877 3947 Pos.
900 3905 930 3966 p.
954 3885 1142 3965 353-355)
1166 3881 1360 3949 abiudicavit
1377 3877 1557 3956 Posidonio,

283 3985 405 4050 (luobus
437 3986 514 4050 locis
537 3985 616 4051 haec
639 3989 782 4070 quaestio
805 3991 947 4074 tangitur
968 4012 998 4075 p.
1022 3993 1132 4072 22,13;
1156 3994 1239 4073 28,5,
1286 3989 1384 4074 Quos,
1407 3986 1557 4072 quoniam

282 4075 483 4140 manifestum
516 4082 565 4141 est
594 4077 774 4162 philosophi
802 4077 1014 4164 Apameensis
1042 4080 1217 4147 doctrinam
1241 4080 1293 4144 hic
1325 4100 1389 4144 non
1421 4076 1557 4153 subesse,

279 4182 450 4247 mittamus.

369 4331 394 4373 c.
418 4306 532 4394 Magni
555 4316 662 4376 autem
685 4311 727 4376 ad
748 4313 945 4398 propositum
968 4315 1119 4381 momenti
1142 4321 1192 4382 est
1212 4315 1308 4396 locus,
1333 4336 1396 4400 quo
1419 4312 1459 4379 de
1482 4309 1557 4379 solis

280 4415 397 4480 viribus
427 4417 540 4500 agitur,
570 4441 599 4502 p.
625 4421 719 4501 154,3
744 4442 823 4504 sqq.:
870 4424 953 4488 οὕτω
978 4425 1109 4489 διακαίει
1138 4427 1192 4508 (sc.
1214 4422 1313 4509 ἥλιος)
1341 4423 1397 4508 τὴν
1420 4428 1487 4507 γῆν,
1511 4421 1558 4492 ὡς

279 4543 492 4556 ---.—.-..

372 4598 394 4666 ¹)
413 4597 447 4652 ci.
466 4597 568 4666 Hirzel,
596 4598 841 4664 Untcrsuchungen
863 4600 888 4666 I,
907 4619 934 4670 p.
957 4605 1007 4655 193
1026 4602 1089 4657 adn.
1108 4605 1133 4658 2.
1173 4606 1233 4673 „De
1256 4607 1423 4664 Kleomedes
1443 4637 1558 4664 .....

282 4669 350 4740 sicli,
369 4688 413 4726 wo
433 4688 462 4725 er
470 4671 651 4743 gelegentlich
662 4689 716 4728 vou
725 4671 848 4729 Posiden
857 4675 1001 4745 ebweieht,
1021 4675 1494 4755 dardberzurecbtiertigenpflegt¹⁴
1505 4689 1558 4742 etc.
