3618 5164
816 338 1034 400 -5g..

280 533 452 600 Posidonio
463 532 623 600 Venerem
632 538 734 597 terrae
745 533 919 616 proximam
931 554 999 596 esse
1009 533 1145 616 positam
1157 539 1294 614 censent,
1305 540 1400 618 atque
1411 535 1562 602 dissentio

281 665 301 706 a
324 640 487 722 Martinio,
510 640 565 724 qui
587 640 621 703 in
644 639 781 704 Lucubr.
804 639 878 704 Pos
901 639 1028 724 (Rhein.
1051 639 1136 705 Mus,
1161 641 1215 721 52)
1243 664 1272 725 p.
1297 644 1360 707 357
1385 641 1456 706 illos
1479 644 1563 708 viros

281 748 390 814 doctos
411 747 601 832 redarguere
624 746 744 827 studet;
768 752 805 811 ut
823 747 941 830 opinor,
965 747 1089 812 frustra
1135 747 1273 813 Ratione
1292 749 1376 813 enim
1396 771 1562 833 argumen-

281 855 371 922 tandi
402 856 502 920 utitur
532 853 622 919 falsa.
669 851 770 938 Apud
804 853 989 920 Ciceronem
1021 875 1083 918 non
1116 860 1239 920 exstare
1268 877 1376 920 veram
1399 856 1561 924 Posidonii
1684 917 1686 921 .

281 962 458 1028 doctrinam
480 962 528 1027 ita
550 961 754 1042 demonstrat,
778 962 865 1026 utin
884 982 921 1026 eo
942 960 1121 1027 Cleomedis
1140 963 1253 1046 capite,
1276 964 1361 1047 quod
1376 963 1563 1030 Posidonia·

280 1092 357 1135 num
375 1090 444 1134 esse
461 1068 595 1153 probare
612 1068 688 1149 vult,
707 1067 924 1134 Posidoniana
942 1069 1044 1132 inesse
1064 1074 1159 1134 antea
1176 1075 1283 1153 ponat
1325 1069 1428 1136 Dicit:
1453 1069 1564 1155 „Quae

279 1175 332 1242 hic
354 1177 385 1262 (i.
410 1197 437 1242 e.
460 1174 546 1260 apud
572 1174 770 1257 Ciceronem)
794 1174 833 1239 do
857 1175 956 1240 stellis
978 1174 1049 1240 fixis
1073 1175 1298 1261 disceptantur,
1326 1200 1365 1242 ea
1391 1178 1487 1262 plane
1510 1179 1564 1244 ob-

281 1288 427 1368 strepunt
449 1283 611 1348 doctrinae
630 1282 804 1364 Posidonii,
827 1289 863 1348 ut
886 1284 940 1366 qui
963 1282 1019 1347 illa
1042 1289 1129 1348 astra
1151 1282 1239 1349 caelo
1263 1285 1417 1350 contineri
1440 1292 1472 1350 ct
1490 1308 1563 1352 con-

281 1391 419 1475 torqueri
437 1390 579 1456 docuerit
598 1389 646 1465 (cf.
667 1389 787 1455 Cleom.
807 1413 837 1474 p.
854 1393 948 1471 2821
969 1392 1107 1474 proxx).“
1154 1388 1220 1456 Sed
1238 1413 1302 1456 non
1320 1392 1414 1459 modo
1433 1394 1564 1475 ratione,

281 1498 336 1564 sed
364 1499 465 1580 ¹etiam
497 1520 531 1563 re
563 1498 635 1582 ipsa
662 1497 778 1562 enavit
805 1496 950 1562 Martini.
994 1497 1114 1581 Pergit·
1131 1498 1216 1562 enim
1241 1497 1352 1565 Cicero
1375 1499 1396 1564 l.
1418 1501 1438 1566 l.
1464 1503 1483 1584 ἕ
1508 1504 1563 1566 55:

281 1604 433 1688 „Habent
466 1605 563 1689 igitur
595 1626 686 1669 suam
719 1603 887 1688 sphaeram
920 1604 1030 1670 stellae
1063 1606 1238 1670 inerrantes
1262 1599 1302 1671 ab
1326 1607 1468 1672 aetheria
1491 1630 1563 1674 con-

279 1712 440 1778 iunctione
464 1718 617 1777 secretam
645 1716 678 1776 et
702 1710 862 1776 liberam.“
908 1711 1002 1778 Haec
1029 1717 1137 1776 autom
1160 1711 1331 1796 „sphaera“
1354 1736 1418 1779 non
1441 1714 1565 1780 diversa

281 1825 330 1885 est
352 1842 372 1885 a
394 1819 492 1901 caclo,
515 1819 600 1904 quod
625 1817 742 1886 Graeci
765 1820 876 1884 dicunt
898 1821 1043 1903 οὐρανός.
1091 1817 1267 1903 Separatur
1293 1821 1391 1906 igitur
1412 1820 1473 1887 hoo
1494 1820 1564 1892 loco

282 1950 302 1992 a
324 1926 413 1993 caelo
436 1925 553 2009 aether,
583 1925 668 2010 quod
698 1927 795 1991 etiam
824 1926 931 1992 multis
960 1927 1031 1991 aliis
1058 1926 1135 1991 locis
1158 1925 1227 1991 fieri
1249 1927 1314 1992 iam
1336 1950 1433 2013 supra
1455 1932 1497 2013 (p.
1521 1932 1562 1994 25

282 2033 354 2100 adn.
365 2035 398 2117 2)
416 2036 738 2100 commemoravimus.
785 2032 972 2100 Cleomedos
991 2039 1099 2098 autem
1117 2035 1185 2117 ipse
1204 2056 1328 2119 quoque
1337 2058 1368 2120 p.
1379 2039 1562 2117 aspa-22
1684 2051 1688 2061 '

282 2142 372 2207 dicit:
395 2144 414 2206 ὅ
437 2144 540 2207 τοίνυν
564 2143 728 2225 οὐρανὸς
744 2193 846 2207 .....
871 2144 1052 2224 ἀναγκαίως
1069 2143 1123 2206 καὶ
1141 2142 1241 2206 πάντα
1260 2143 1297 2206 τὰ
1316 2144 1563 2227 ἐμπεριεχόμενα

282 2252 370 2334 αὐτῷ
392 2255 457 2314 τῶν
480 2251 606 2334 ἄστρων
628 2251 775 2334 περιάγει.
820 2248 935 2332 Itaque
967 2271 1068 2333 paene
1101 2248 1144 2313 ihi
1173 2251 1330 2315 consentit
1353 2249 1464 2317 Cicero
1491 2273 1563 2316 cum

283 2356 461 2423 Cleomede.
506 2355 585 2422 Loci
616 2379 695 2441 quos
726 2356 861 2421 Martini
893 2361 961 2421 tum
994 2354 1086 2421 affort
1117 2360 1159 2441 (p.
1188 2356 1265 2438 358)
1299 2356 1341 2421 ad
1371 2357 1563 2423 fulciendam

281 2465 471 2529 sententiam
495 2486 585 2530 suam
608 2464 651 2529 nil
672 2464 786 2545 valent,
810 2464 903 2549 quod,
926 2464 1069 2547 quamvis
1088 2463 1194 2547 libros,
1217 2463 1332 2549 quibus
1350 2465 1561 2546 continentur,

279 2572 425 2637 doctrina
439 2571 657 2636 Posidoniana
675 2593 743 2637 esse
760 2570 897 2655 repletos
921 2572 1075 2655 suspicari
1092 2571 1197 2653 liceat,
1220 2578 1327 2637 tamen
1345 2594 1438 2637 nemo
1457 2572 1562 2638 adhuc

279 2680 366 2764 ipsos
383 2677 469 2745 locos
485 2679 627 2763 singulos
645 2678 794 2744 laudatos
817 2679 860 2744 ad
882 2678 1104 2764 philosophum
1127 2679 1229 2744 redire
1248 2679 1410 2746 Rhodium
1433 2679 1560 2746 demon-

278 2787 398 2852 stravit
443 2785 483 2851 E.
507 2785 699 2852 Muellerum
722 2787 774 2852 De
797 2786 905 2851 Posid.
928 2785 1018 2851 Man.
1043 2792 1124 2852 auct
1147 2809 1178 2871 p.
1204 2790 1245 2852 14
1268 2785 1396 2852 Manilii
1419 2786 1561 2853 ordinem

278 2899 391 2979 putare
413 2893 663 2960 Posidonianum
685 2893 773 2960 haud
795 2895 918 2979 ignor03
950 2893 1006 2958 sed
1033 2894 1134 2959 utitur
1156 2893 1303 2960 Martinii
1331 2899 1518 2979 argumento
1541 2917 1561 2960 a

278 3001 370 3067 nobis
392 3001 527 3086 repulso.
579 3005 584 3018 '

369 3108 529 3192 Equidem
561 3109 639 3174 locis
672 3107 811 3174 Theonis
845 3108 1068 3192 Ciceronisque
1101 3110 1148 3175 uti
1179 3107 1395 3191 fundamento,
1427 3131 1467 3174 ex
1498 3131 1561 3194 quo

278 3215 460 3302 proficiscar
482 3217 515 3281 in
537 3216 599 3282 hac
621 3218 814 3300 quaestione,
837 3238 900 3281 non
925 3216 1044 3282 dubito.
1089 3217 1136 3281 Iis
1159 3217 1277 3282 servari
1300 3215 1434 3282 eandem
1452 3216 1557 3282 stella·

278 3346 349 3390 rum
372 3323 546 3390 errantium
569 3325 682 3390 seriem
705 3346 801 3409 quam
824 3325 937 3390 statuit
959 3323 1159 3407 Posidonius,
1189 3325 1253 3389 iam
1283 3323 1445 3390 nonnullis
1468 3346 1560 3410 argu·

279 3432 394 3498 mentis
416 3431 567 3517 probabo.

368 3536 547 3624 Attigimus
569 3561 646 3605 sane
669 3561 798 3606 causam
820 3538 1046 3605 difficillimam.
1092 3540 1198 3608 Valde
1224 3539 1308 3604 enim
1331 3538 1499 3604 variabant
1521 3539 1561 3605 de

279 3645 439 3713 Mercurio
463 3652 496 3712 et
517 3645 643 3715 Venere
667 3649 842 3713 sententiae
866 3647 1102 3731 antiquorum).
1150 3646 1186 3714 Si
1208 3646 1345 3713 breviter
1373 3668 1560 3731 cognoscere

279 3755 335 3838 ris,
353 3754 510 3840 quomodo
530 3755 665 3821 saeculis
684 3754 881 3821 volventibus
900 3755 1045 3821 doctrina
1063 3755 1105 3820 ad
1123 3755 1231 3820 stellas
1249 3759 1390 3820 amarites
1398 3756 1561 3839 pertinens

280 3865 322 3929 sit
353 3868 477 3929 mutata
508 3861 558 3929 vel
588 3863 766 3946 emendata,
798 3864 917 3948 inspice
949 3862 1046 3929 libros
1075 3861 1276 3945 Schmekclii,
1307 3861 1392 3927 Phil.
1416 3862 1445 3927 d.
1468 3861 1560 3927 mittl.

281 3969 362 4038 Stoa
383 3993 414 4055 p.
439 3973 626 4052 roa-465,
659 3970 820 4052 Tannoni,
849 3970 932 4036 rech.
956 3993 1010 4036 sur
1031 3970 1127 4036 l’hist
1151 3971 1190 4036 de
1213 3970 1354 4034 l'astron.
1377 3991 1446 4035 anc.
1469 3968 1560 4054 chap.

280 4077 332 4146 VI
341 4101 371 4162 p.
384 4079 567 4160 122-128,
576 4101 607 4163 p.
617 4080 697 4160 2613
712 4078 853 4144 Hultsch
862 4081 895 4144 in
905 4077 1073 4160 Wissowa,
1090 4076 1318 4164 Real-Eneycl.
1331 4076 1378 4158 Π,
1391 4079 1475 4144 1835
1485 4099 1561 4161 sqq,

281 4208 304 4252 s.
327 4209 355 4250 v.
378 4182 585 4252 Astronomie
609 4189 628 4270 ἓ
652 4189 673 4252 8
696 4208 762 4270 sqq.
786 4189 805 4270 ξ
829 4189 870 4252 21
895 4185 945 4272 (α1.
970 4184 1139 4267 Susemihl,
1166 4184 1281 4252 Gesch.
1306 4183 1336 4248 d.
1359 4207 1404 4269 gr.
1427 4183 1504 4250 Litt.
1527 4186 1561 4249 in

281 4292 311 4358 d.
336 4291 478 4358 Alxdrrt
501 4292 548 4375 H,
574 4316 606 4378 p.
628 4292 662 4363 V
684 4316 739 4378 sq,
761 4293 905 4376 Martini,
933 4293 1009 4360 Luc.
1033 4293 1140 4360 Posid.
1163 4315 1193 4378 p.
1218 4294 1282 4358 359
1301 4293 1388 4376 sqq).
1436 4289 1560 4377 Quibus

371 4527 392 4594 ¹)
410 4526 482 4581 Ach.
502 4527 569 4598 issg.
589 4545 614 4583 o.
635 4530 680 4595 163
700 4544 724 4582 c.
745 4531 776 4582 17
797 4545 825 4596 p.
844 4531 922 4597 43‚23
942 4526 986 4583 M:
1006 4512 1164 4594 διαφωνία
1186 4508 1286 4592 πολλὴ
1306 4507 1456 4592 περὶτῶν
1471 4507 1559 4573 ἀστέ-

281 4600 499 4747 Ξὲἑνιξρέθῧ
531 4601 585 4666 καὶ
612 4601 816 4685 Ἂφρθῦίῖηςῐ
843 4616 921 4672 Theo
939 4615 1046 4688 Smyrn.
1065 4636 1093 4686 p.
1115 4620 1246 4688 143,1-6
1269 4613 1559 4686 H380hmek01,1.1.
