3618 5164
818 315 1040 380 -64-

286 518 363 594 tum,
386 535 450 578 non
474 512 629 596 graduum
653 512 826 578 intervallis
856 513 960 577 metiri
990 533 1052 577 non
1078 513 1179 578 oredc.
1225 513 1339 597 Itaque
1364 513 1450 598 apud
1475 513 1566 580 Cleo·

286 619 409 684 medem
442 625 475 684 ct
506 619 677 701 Thoonem,
712 642 773 685 non
806 619 892 703 apud
921 619 1105 686 Ciceronem
1133 622 1265 685 inveniri
1293 621 1353 686 hac
1377 621 1416 686 de
1439 643 1473 686 re
1496 643 1566 686 sen-

286 727 420 792 tentiam
440 725 561 792 affirmo
581 727 754 793 Posidonii.
801 726 901 793 Cuius
924 732 1031 791 tamen
1054 728 1176 792 numeri
1199 728 1295 811 paulo
1318 733 1390 812 post
1407 728 1567 794 emendati

286 833 440 915 videntur,
463 856 539 898 nam
561 833 696 918 legimus
720 834 806 918 apud
825 833 964 899 Plinium
984 857 1013 898 n.
1032 834 1063 898 h.
1081 833 1128 916 II,
1153 837 1171 916 ξ
1196 839 1251 900 38:
1298 835 1445 920 (Veneris
1469 837 1567 917 sidus)

286 963 325 1022 „a
348 941 412 1006 sole
435 963 598 1024 nunquam
622 941 777 1006 absistens
804 942 949 1025 partibus
977 963 1032 1006 sex
1064 948 1158 1024 atque
1191 942 1404 1026 quadraginta
1434 942 1567 1027 longius,

287 1054 324 1113 ut
341 1048 472 1113 'Pimaeo
491 1049 622 1132 placet“·,
642 1054 674 1113 et
691 1052 709 1132 ὅ
727 1052 783 1114 39:
829 1048 993 1132 (Mercurii
1012 1049 1110 1130 sidus)
1129 1071 1319 1132 „numquam
1339 1050 1379 1114 ab
1399 1072 1436 1116 eo
1456 1051 1568 1133 viginti

286 1155 387 1220 tribus
409 1155 554 1239 partibus
576 1157 733 1237 remotior,
764 1161 801 1220 ut
823 1155 964 1222 Cidenas
987 1161 1019 1220 et
1043 1154 1212 1240 Sosigenes
1236 1156 1380 1236 docent“;
1412 1157 1449 1222 cf.
1474 1159 1492 1238 ξ
1517 1160 1567 1223 72.

286 1262 358 1327 Iam
389 1285 486 1347 supra
517 1266 558 1347 (p.
583 1264 637 1344 61)
674 1261 860 1347 Sosigenem
894 1262 1041 1329 Caesaris
1072 1262 1136 1327 fere
1172 1263 1345 1347 aequalem,
1377 1269 1450 1348 post
1479 1264 1568 1329 Posi-

287 1369 417 1435 donium
441 1375 524 1435 certe
548 1368 643 1435 fuisse
667 1371 816 1451 diximus;
852 1371 922 1453 quis
952 1371 994 1435 sit
1020 1371 1072 1434 ille
1097 1369 1255 1451 Timaeus,
1286 1370 1390 1437 adhuc
1414 1364 1568 1436 incertum

287 1483 344 1542 est.
391 1475 543 1568 Suspicor
565 1483 672 1542 autem
694 1477 780 1542 huno
803 1499 927 1561 quoque
946 1479 1129 1561 scriptorem
1147 1477 1244 1543 fuisse
1262 1484 1335 1561 post
1353 1477 1568 1560 Posidonium,

287 1583 442 1668 siquidem
474 1585 562 1649 illam
595 1583 730 1649 XXIII
763 1584 918 1668 graduum
950 1584 1135 1650 distantiam
1163 1584 1347 1668 diligentius
1374 1607 1470 1669 quam
1493 1585 1569 1649 XX

287 1713 355 1756 esse
385 1697 609 1776 computatam,
639 1698 734 1776 atque
759 1692 885 1758 Timaei
915 1714 1064 1757 mensura
1087 1693 1200 1775 corrigi
1223 1692 1472 1758 Posidonianam
1496 1715 1568 1759 oon·

288 1798 438 1864 cedimus.
1031 1883 1034 1888 Ι

377 1927 403 1972 e.
427 1904 579 1990 Aequum
598 1912 647 1972 est
664 1928 722 1972 nos
740 1907 804 1970 iam
824 1907 985 1991 disputare
1010 1906 1048 1971 de
1072 1908 1163 1971 anni
1189 1912 1397 1991 temporum
1424 1908 1568 1991 magni-

287 2013 418 2078 tudine
450 2013 489 2078 de
521 2035 585 2097 qua
616 2013 801 2080 Cleomedea
831 2035 1029 2079 communem
1058 2015 1201 2098 sequitur
1222 2016 1428 2079 sententiam.
1473 2014 1570 2079 Hanc

287 2121 359 2186 ideo
382 2142 626 2187 commemorare
650 2121 810 2202 debemus,
833 2121 917 2204 quod
941 2123 974 2184 in
993 2122 1183 2187 editionibus
1202 2143 1277 2186 vera
1296 2121 1458 2207 archetypi
1476 2120 1570 2187 lectio

288 2228 429 2294 nondum
460 2228 608 2294 restituta
639 2228 722 2312 ese).
768 2227 954 2312 Legendum
986 2229 1070 2293 enim
1102 2235 1151 2293 est
1179 2251 1209 2312 p.
1234 2231 1328 2310 52,25
1354 2228 1396 2294 Z:
1443 2229 1566 2293 ἀπὸδὲ

288 2338 399 2421 ταύτης
422 2343 475 2420 τῆς
498 2338 659 2421 ἰσημερίας
681 2339 754 2420 ἄχρι
776 2344 952 2420 χειμερινῆς
974 2345 1092 2421 τροπῆς
1114 2338 1167 2421 πη’
1190 2338 1247 2402 καί
1266 2337 1314 2421 η”,
1345 2337 1408 2401 ἀπὸ
1439 2336 1474 2400 δὲ
1502 2361 1564 2420 χει-

288 2451 417 2528 μερινῆς
447 2451 566 2528 τροπῆς
598 2445 648 2509 ἐπὶ
679 2445 805 2527 ἐαρινὴν
837 2436 1000 2527 ἰσημερίαν
1032 2446 1217 2528 ἐνενήκοντα
1240 2445 1294 2508 καὶ
1316 2445 1354 2528 η”
1377 2464 1435 2528 pro
1457 2444 1510 2527 πη’
1534 2448 1567 2507 et

288 2553 473 2636 ἐνενήκοντα
496 2552 550 2615 καὶ
573 2552 618 2626 δ”,
649 2551 734 2634 quod
762 2551 827 2614 iam
857 2572 897 2615 ex
915 2551 983 2615 cod.
1009 2549 1094 2634 [ripa.
1118 2551 1298 2617 emendavit
1320 2549 1366 2615 M.
1389 2549 1566 2632 Luedecke,

288 2657 402 2724 Jahrb.
424 2657 445 2722 t.
469 2656 524 2722 Kl.
548 2657 631 2722 Phil.
657 2661 718 2722 141
744 2658 864 2741 (1890),
891 2680 921 2742 p.
947 2660 1020 2724 457.
1067 2657 1219 2743 Sequitur
1252 2659 1349 2742 igitur
1381 2655 1567 2724 Cleomedes

288 2766 350 2831 hac
381 2767 414 2829 in
447 2785 481 2829 re
514 2763 694 2849 Hipparchi
725 2764 764 2829 de
794 2766 918 2830 diversa
940 2770 1116 2849 temporum
1140 2765 1359 2850 magnitudine
1382 2765 1567 2846 doctrinam,

290 2873 327 2939 oi.
351 2872 508 2957 Tannory,
539 2871 622 2938 rech.
645 2895 676 2956 p.
702 2875 765 2938 156
790 2894 844 2956 sq,
877 2872 1072 2956 eandemque
1105 2875 1181 2937 anui
1211 2874 1396 2938 divisionem
1419 2871 1568 2937 exhibent

290 2980 379 3046 Theo
403 2979 527 3065 Smym.
550 3004 588 3065 p.
607 2982 790 3062 roae-12
814 2980 851 3044 H
873 2981 922 3065 (cf.
944 2979 1053 3046 Chalc.
1073 3003 1096 3045 c.
1123 2985 1162 3046 tt
1188 2980 1237 3063 Μ)
1261 2987 1293 3045 et
1312 2979 1467 3047 Geminus
1489 2981 1567 3062 isag.

290 3109 316 3154 c.
338 3088 358 3152 I
380 3111 410 3172 p.
435 3091 453 3153 9
478 3087 568 3154 Man.

378 3195 399 3260 f.
428 3193 547 3260 Adhuc
581 3194 783 3261 Cleomedem
814 3217 916 3280 paene
947 3194 1064 3279 ubique
1097 3194 1320 3260 Posidonianis
1351 3195 1398 3260 uti
1429 3195 1568 3258 numeris

290 3304 474 3388 negavimus
507 3303 577 3368 aliis
610 3304 801 3387 comparatis
834 3303 1046 3387 scriptoribus
1097 3302 1212 3368 Restat
1243 3307 1279 3367 ut
1307 3301 1476 3368 nonnullos
1498 3322 1567 3384 per·

291 3416 466 3477 scrutemur
487 3411 582 3492 locos,
606 3410 720 3494 quibus
743 3412 811 3494 ipse
835 3411 895 3475 sibi
919 3411 1072 3474 dissentit.
1103 3449 1145 3458 -
1175 3408 1232 3474 Ad
1254 3408 1461 3475 Posidonium
1485 3409 1568 3473 enim

290 3539 464 3603 provocans
494 3540 525 3602 p.
557 3520 837 3599 meaa-lcum
871 3517 945 3582 solis
978 3517 1167 3582 diametrum
1199 3539 1267 3582 esso
1298 3517 1404 3582 tricies
1436 3522 1570 3581 centena

291 3625 380 3690 milia
398 3625 598 3708 stadiornm²J
617 3625 762 3709 explicat,
780 3625 865 3690 hunc
884 3632 990 3690 autem
1009 3647 1175 3690 numerum
1193 3646 1257 3690 non
1276 3629 1426 3690 accurata
1438 3624 1569 3704 rationo,

293 3732 350 3798 scd
373 3737 497 3797 tantum
520 3733 583 3797 iere
607 3738 824 3816 computatum
847 3754 915 3797 esse
938 3733 1003 3796 iam
1020 3731 1211 3798 Posidonius
1230 3733 1419 3798 concessisse
1437 3730 1569 3811 videtur,

294 3840 480 3908 Cleomedes
504 3840 632 3924 quidem
650 3846 741 3904 caute
761 3839 851 3904 addit
869 3841 1023 3924 (tenluz
1070 3841 1147 3905 ἀλλὰ
1165 3847 1260 3904 ταῦτα
1282 3840 1341 3923 μὲν
1363 3839 1443 3904 κατὰ
1465 3838 1569 3903 τοιαύ-

292 3975 347 4033 την
370 3949 522 4014 duodecin
545 3949 682 4032 εἴληπται
704 3949 777 4022 κτλ,
801 3946 838 4012 cf.
860 3950 976 4029 144,28
995 3949 1202 4030 ὑποθέμενος.
1247 3945 1334 4011 Nam
1351 3946 1431 4012 illud
1449 3945 1571 4028 „decies

292 4055 412 4120 milies“
436 4077 475 4120 ex
499 4053 629 4121 arbitrio
651 4056 798 4139 positum,
822 4055 929 4138 itaque
953 4077 1017 4119 non
1041 4060 1160 4119 certum
1184 4075 1252 4118 esse
1276 4053 1386 4118 elucet.
1420 4091 1463 4103 -
1495 4052 1570 4118 Non

294 4163 465 4246 acquiescit
497 4161 683 4229 Cleomedes
714 4161 775 4227 hac
807 4183 872 4226 una
898 4183 1055 4242 mensura,
1087 4160 1262 4225 sedaliam
1287 4161 1429 4245 additp.
1455 4162 1568 4243 mont

294 4292 369 4354 sqq,
391 4292 487 4353 quam
509 4274 603 4352 putat
624 4270 691 4353 ipse
714 4269 887 4334 clariorem.
932 4268 1096 4333 Profectus
1120 4269 1204 4332 enim
1226 4268 1309 4350 inde,
1336 4268 1422 4351 quod
1444 4269 1477 4332 in
1499 4288 1569 4351 por·

293 4377 382 4442 fectis
401 4375 627 4442 defectionibus
649 4376 698 4441 bis
716 4376 845 4442 metitur
862 4375 939 4440 luna
956 4375 1102 4442 umbram
1116 4381 1227 4457 terrae,
1246 4375 1570 4459 concluditucoaetz

384 4576 404 4644 ¹)
422 4573 515 4630 Etiam
533 4572 668 4644 Tannery,
687 4573 760 4628 rech.
779 4591 806 4644 p.
828 4577 888 4643 157,
908 4572 970 4628 adn.
990 4577 1006 4626 2
1025 4578 1115 4628 servat
1132 4589 1261 4628 errorem.

383 4662 407 4744 'J
429 4667 463 4722 ot.
484 4664 638 4738 Schmekel,
656 4663 729 4719 Phil.
748 4664 775 4721 d.
793 4663 875 4720 mittl.
894 4663 961 4720 Stoa
979 4682 1007 4738 p.
1027 4666 1079 4718 282
1099 4667 1126 4718 et
1144 4663 1208 4719 adn.
1225 4667 1251 4722 8.
