3632 5144
829 348 1049 411 ..22-

386 545 501 628 Itaque
529 541 596 608 fieri
624 565 687 609 non
715 547 827 626 potest,
860 547 897 607 ut
923 541 1113 610 Posidonius
1134 545 1197 610 hac
1220 545 1253 607 in
1275 565 1309 608 re
1333 544 1374 609 sit
1398 541 1577 609 Cleomedis

299 658 416 718 auctor.

386 759 416 824 b.
441 757 507 825 Sed
529 759 661 824 fortasse
684 759 748 822 iarn
772 757 951 823 accuratius
974 756 1068 823 huius
1092 760 1205 843 capitis
1222 758 1324 824 fontes
1344 779 1453 822 eruere
1464 778 1579 841 possu-

296 889 377 949 mus,
401 868 428 930 si
451 865 637 931 accedemus
661 865 703 930 ad
726 863 859 948 singula

386 995 415 1056 1.
460 989 656 1075 Incipiamus
685 994 792 1055 autem
815 989 855 1054 ab
879 991 924 1058 eis
947 989 1124 1072 narrandis,
1147 1013 1229 1074 quae
1251 1014 1282 1074 p.
1306 991 1523 1071 4‚10-16,16
1548 987 1577 1054 Ζ

295 1100 505 1164 continentur.
552 1095 714 1181 Quaestio,
737 1119 833 1181 quarn
855 1097 994 1162 instituit
1017 1096 1203 1164 cleomedes
1231 1097 1270 1163 de
1298 1119 1406 1179 vacuo,
1430 1096 1581 1162 dividitur

296 1207 329 1270 in
353 1205 433 1270 duas
451 1210 567 1290 partes
590 1226 724 1288 quarum
743 1203 844 1268 altera
862 1206 1103 1288 (4,10-12,15)
1123 1205 1251 1271 omnino
1280 1207 1413 1270 existere
1433 1225 1580 1285 vacuum,

298 1313 399 1377 altera
421 1313 684 1396 (12,16-16,16)
707 1333 842 1376 vacuum
865 1332 933 1376 esse
956 1309 1115 1377 infinitum
1134 1312 1376 1378 demonstratur.

390 1463 419 1502 ο.
452 1438 679 1517 alc-lant.
731 1436 874 1501 Primum
908 1435 1093 1502 cleomedes
1128 1438 1289 1503 notionem
1323 1438 1416 1502 vacui
1448 1436 1578 1502 definire

296 1544 403 1611 studet
425 1549 520 1628 atque
543 1543 584 1609 ab
608 1542 669 1609 hac
693 1543 875 1609 definitione
898 1542 1053 1627 proficisci
1080 1545 1114 1608 in
1133 1543 1350 1628 disquisitione
1369 1550 1479 1610 nostra
1496 1544 1578 1628 opti·

296 1674 385 1716 mum
410 1657 471 1732 est;
495 1650 573 1716 dicit
595 1653 668 1731 8,ss
691 1650 735 1716 Z:
767 1653 828 1715 ἔστι
844 1651 879 1715 δὲ
895 1652 1091 1736 ἁπλουστάτη
1107 1654 1204 1717 αὐτοῦ
1221 1654 1275 1735 (sc
1290 1653 1397 1734 κενοῦ)
1413 1655 1432 1737 ἦ
1449 1653 1578 1717 ἐπίνοιαι

297 1762 469 1844 ἀσωμάτου
493 1783 524 1822 τε
547 1760 600 1823 καὶ
624 1759 768 1842 ἀναφοῦς
792 1761 881 1830 ὄντος
899 1758 953 1822 καὶ
971 1760 1042 1823 οὔτε
1061 1766 1167 1843 σχῆμα
1191 1762 1318 1844 ἔχοντος
1341 1761 1412 1824 οὔτε
1430 1782 1579 1843 σχηματι-

296 1869 443 1950 ζομένου,
466 1867 520 1930 καὶ
543 1867 613 1930 οὔτε
635 1890 662 1928 τι
683 1868 860 1950 πάσχοντος
883 1867 954 1930 οὔτε
978 1872 1150 1937 ποιοῦντος.
1196 1865 1294 1931 Hanc
1304 1872 1410 1932 autem
1420 1867 1466 1931 ita
1476 1864 1580 1942 efficit,

297 1978 334 2039 ut
364 1973 487 2037 initium
522 1974 629 2055 capiat
659 1993 679 2036 a
705 1972 789 2036 vasis
817 1993 902 2055 aqua
927 1971 979 2036 vel
1000 1977 1072 2037 aere
1095 1973 1233 2057 repletis.
1278 1977 1315 2037 ln
1347 1973 1461 2056 quibus
1495 1970 1581 2056 qnod

297 2079 399 2146 solida
421 2079 560 2163 quadam
582 2099 616 2143 re
634 2079 751 2144 iniecta
774 2100 858 2162 aqua
880 2078 929 2144 vel
952 2083 1007 2144 sier
1024 2101 1064 2144 ex
1083 2079 1150 2145 lccc
1168 2086 1312 2145 moretur
1334 2084 1429 2164 atque
1453 2084 1579 2145 tantum

298 2187 473 2271 expellitur,
505 2192 627 2270 quanta
658 2187 756 2252 moles
788 2190 837 2251 est
868 2187 976 2250 iniecti
1004 2187 1152 2271 corporis,
1186 2209 1302 2270 aquarn
1325 2193 1358 2252 et
1381 2191 1456 2252 a'e'ra
1478 2187 1580 2252 inesse

297 2294 450 2378 probatur
477 2297 510 2358 ἔν
537 2319 593 2358 τινι
619 2295 862 2378 πεπληρωμένῳ
885 2296 936 2358 ὑπ’
962 2296 1058 2358 αὐτοῦ
1081 2295 1135 2359 καὶ
1158 2297 1218 2378 οἵῳ
1240 2320 1271 2360 τε
1295 2297 1358 2359 ὄντι
1380 2295 1444 2359 ὑπὸ
1468 2297 1579 2377 σώμα-

297 2428 352 2475 τος
374 2404 570 2485 κατέχεσθαι,
593 2406 630 2465 ut
651 2401 750 2485 ipsius
772 2406 845 2465 utar
873 2399 1052 2466 Cleomedis
1074 2399 1185 2466 verbis.
1232 2400 1331 2470 Velut
1353 2405 1459 2466 autem
1482 2383 1581 2466 nieles

299 2508 356 2574 illa
378 2508 480 2574 solida
502 2509 620 2573 iniecta
641 2507 743 2591 replet
764 2506 869 2573 locum
893 2513 988 2572 antea
1011 2506 1051 2572 ab
1076 2529 1160 2592 aqua
1182 2508 1232 2574 vel
1255 2513 1327 2573 a‘e're
1345 2507 1509 2592 repletum,
1533 2508 1580 2574 ita

298 2615 444 2696 muudus,
477 2615 633 2699 quomodo
666 2636 752 2679 nune
784 2636 816 2679 se
848 2613 954 2696 habet,
986 2614 1088 2698 replet
1118 2614 1232 2698 locum,
1264 2617 1327 2699 qui,
1355 2617 1382 2680 si
1405 2615 1587 2700 cogitamus

300 2723 453 2788 mundum
472 2744 511 2787 ex
529 2723 598 2788 loco
616 2724 743 2804 moveri,
766 2721 822 2787 fiet
839 2743 966 2787 vacuus.
1012 2721 1118 2788 Locus
1140 2744 1239 2788 nnnc
1262 2745 1283 2788 a
1304 2723 1423 2788 mundo
1440 2723 1581 2807 repletus

300 2837 349 2895 est
380 2851 514 2895 vacuum
546 2829 715 2914 repletum;
749 2835 781 2894 et
812 2829 909 2911 locus,
941 2850 1035 2912 quem
1067 2829 1205 2895 mundus
1236 2828 1358 2895 tenebit
1385 2829 1525 2896 resoluta
1549 2830 1581 2895 in

300 2940 406 3022 ignem
429 2940 576 3003 universa
599 2938 741 3018 materia,
769 2959 854 3002 nnnc
876 2958 995 3002 vacuus
1024 2943 1073 3002 est
1095 2941 1190 3021 atque
1213 2938 1247 3001 in
1269 2938 1432 3004 exustione
1455 2937 1583 3003 demum

303 3048 363 3111 erit
384 3045 532 3130 repletus,
578 3044 692 3128 Neque
715 3065 788 3110 vero
811 3065 946 3109 vacuum
969 3044 1100 3126 tollitur,
1127 3046 1154 3109 si
1177 3046 1372 3110 exustionem
1396 3044 1464 3110 fieri
1487 3066 1582 3130 nega·

302 3176 381 3234 mus,
393 3152 520 3234 6‚19Z:
544 3153 598 3217 καὶ
621 3154 681 3236 γάρ
704 3155 732 3218 εἰ
751 3154 852 3236 μόνον
876 3154 1143 3237 ἐπινοήσαιμεν
1166 3155 1320 3237 χεομὲνην
1338 3153 1393 3237 τὴν
1412 3154 1582 3226 οὐσίαν...,

303 3262 379 3324 αὐτὸ
402 3266 502 3334 τοῦτο,
526 3263 569 3330 εἰς
592 3264 610 3324 ὃ
633 3267 670 3345 τῇ
693 3262 841 3344 ἐπινοίᾳ
864 3260 986 3344 χωροίη
1010 3260 1090 3323 κατὰ
1114 3261 1169 3344 τὴν
1192 3263 1323 3336 ἔκτασιν,
1351 3260 1443 3325 κενὸν
1466 3263 1505 3326 ἂν
1528 3262 1582 3343 εἴη.

304 3405 346 3414 -
365 3367 479 3449 Itaque
498 3388 632 3432 vacuum
651 3387 720 3432 esse
736 3366 925 3433 Cleomedes
943 3365 1096 3451 probavit
1120 3372 1153 3432 et
1170 3366 1263 3450 quale
1282 3367 1332 3447 sit,
1350 3366 1586 3433 demonstratur

304 3473 485 3540 definitione
509 3474 615 3538 allata.
660 3474 701 3538 ln
725 3472 787 3537 fine
810 3476 1028 3558 (s,15-10‚s)
1052 3474 1142 3539 addit
1168 3475 1201 3538 in
1224 3472 1343 3539 mundo
1361 3475 1430 3558 ipso
1448 3495 1583 3540 vacuum

304 3583 438 3647 existere
461 3603 524 3646 non
547 3602 639 3664 posse
663 3601 795 3664 eamque
818 3582 1007 3647 sententiam
1030 3581 1121 3647 fulcit
1144 3581 1347 3666 argumentis.

395 3706 569 3789 Postquam
590 3705 777 3772 Cleomedes
795 3706 929 3771 existere
947 3727 1081 3772 vaenum
1100 3706 1255 3791 probavit
1277 3707 1393 3772 transit
1415 3706 1457 3773 sd
1479 3705 1586 3773 defen·

307 3814 444 3880 dendam
473 3813 661 3877 senteutiam
689 3815 1051 3896 suam(10,6—l2,17).
1097 3814 1311 3899 Pugnandum
1343 3814 1427 3879 enim
1446 3819 1495 3880 est
1512 3836 1586 3880 cum

307 3921 482 3987 Aristotele
506 3921 635 4003 eiusque
659 3919 796 4002 asseclis,
818 3921 873 4004 qui
896 3926 986 3986 extra
1003 3921 1155 3986 mundum
1174 3943 1243 3987 esse
1261 3942 1397 3988 vacuum
1415 3920 1585 4006 negabant

308 4027 484 4095 Reicienda
507 4032 613 4093 autern
637 4029 666 4092 ei
689 4032 764 4092 sunt
786 4033 936 4111 quattuor
959 4034 1159 4114 argumenta:

397 4135 541 4200 Primum
560 4135 644 4219 quod
668 4134 791 4200 dicunt:
838 4137 905 4217 „dei
923 4135 957 4200 τὸ
981 4137 1073 4202 κενὸν
1096 4138 1220 4221 ἀγγεῖον
1243 4139 1319 4202 εἶναι
1342 4139 1499 4220 σώματος,
1522 4140 1587 4213 ἔξω

310 4245 344 4310 δὲ
376 4251 431 4309 τοῦ
464 4246 589 4327 κόσμου
622 4248 717 4326 σῶμα
750 4244 843 4308 οὐδὲν
875 4246 954 4309 ἔστιν
986 4245 1066 4309 ὥστε
1098 4245 1173 4310 οὐδὲ
1204 4245 1325 4319 κενόν,“
1356 4243 1437 4310 illud
1463 4247 1588 4328 ἀγγεῖον

310 4353 458 4435 σώματος
481 4372 545 4417 non
567 4349 661 4416 modo
685 4348 844 4435 significat
866 4351 907 4433 id,
930 4350 1016 4436 quod
1039 4373 1060 4416 a
1082 4372 1211 4436 corpore
1233 4350 1381 4435 repletur,
1411 4350 1588 4419 sedetiam

311 4459 352 4540 id,
376 4480 438 4542 quo
462 4479 575 4543 corpus
597 4459 694 4542 recipi
716 4463 830 4543 potest.

403 4564 498 4650 Quod
521 4571 589 4630 turn
612 4564 730 4647 dicunt,
753 4568 779 4631 si
803 4572 892 4632 extra
914 4566 1067 4632 muudum
1090 4571 1173 4633 esset
1194 4588 1338 4650 vacuum,
1361 4565 1514 4634 mundum
1531 4585 1590 4652 por

312 4674 391 4738 illud
404 4673 486 4757 feni,
505 4673 660 4740 refutatur
673 4674 727 4757 ita,
746 4680 783 4740 ut
795 4674 949 4740 mundum
963 4673 1153 4742 admedium
1163 4697 1256 4744 suum
1265 4696 1393 4762 vergere
1402 4674 1589 4748 declaretur.
