3632 5144
775 365 996 429 ..41-

241 557 313 643 Ego
336 558 473 643 primurn
497 581 518 623 a
536 559 782 642 comparatione.
791 558 957 624 excludam
977 558 1162 624 Ciceronem
1182 558 1298 643 quippe
1317 559 1371 642 qni
1389 562 1522 640 utroque

242 664 310 731 loeo
342 671 409 730 tam
441 665 574 731 strictim
608 671 721 750 tangat
753 666 828 732 solis
860 671 1059 751 potestatem,
1083 671 1127 747 ut,
1151 687 1233 749 quae
1256 664 1299 730 ibi
1322 669 1455 746 exstent,
1478 663 1523 728 nil

241 771 377 838 ualeant
422 770 477 837 Ad
502 773 771 856 comparationem
790 773 874 838 enim
894 773 916 838 ii
932 773 994 839 loci
1011 779 1086 839 sunt
1103 772 1217 854 idonei,
1240 772 1354 856 quibus
1364 770 1523 856 singulare

241 879 318 965 quid
350 884 383 946 et
413 879 554 946 notabile
586 886 857 962 commemoratur,
891 880 1053 947 Ciceronis
1086 902 1160 946 vero
1187 880 1265 946 locis
1287 880 1320 944 in
1344 880 1524 944 universum

240 1008 292 1052 res
323 985 533 1072 proferuntur,
567 1009 649 1071 quae
681 987 827 1053 omnibus
860 993 952 1053 erant
983 993 1087 1054 notae.
1132 986 1266 1053 Maioris
1298 986 1450 1052 momenti
1476 991 1526 1050 est

241 1092 329 1160 locus
351 1093 497 1160 Philonis
520 1094 559 1160 de
582 1117 667 1179 prov.
689 1094 727 1159 Π
747 1097 832 1179 §lh
880 1094 946 1162 Sed
978 1116 1171 1179 quamquam
1194 1093 1381 1159 Wendland
1403 1092 1525 1178 (Philus

243 1199 363 1268 Schrift
394 1200 446 1266 ub.
477 1201 506 1267 d.
535 1201 737 1286 Vorsehung)
768 1204 801 1268 in
833 1201 978 1268 Philonis
1009 1201 1126 1267 librum
1158 1201 1296 1286 plurima
1326 1199 1455 1266 fluxisse
1486 1221 1525 1264 ex

242 1307 415 1374 Posidonio
446 1309 480 1373 in
512 1310 693 1375 universum
721 1309 837 1394 docuit,
869 1309 974 1376 adhue
1001 1309 1142 1375 nondum
1165 1314 1307 1375 nostrum
1329 1309 1434 1374 lucum
1457 1329 1525 1373 esse

242 1415 492 1482 Posidonianum
526 1415 776 1482 demonstratum
806 1424 862 1483 est
908 1417 1015 1482 Immo
1038 1438 1111 1482 vero
1134 1416 1365 1501 huncquoque
1388 1414 1525 1480 tribuam

247 1521 405 1606 Cleanthi,
436 1523 525 1590 cuius
542 1524 651 1609 ¹paulo
676 1530 751 1590 ante
774 1528 806 1609 (ξ
830 1526 884 1608 74)
907 1525 1025 1590 mentio
1048 1523 1098 1590 fit:
1131 1524 1356 1608 „providentia
1378 1543 1459 1608 quae
1490 1527 1527 1587 ut

243 1628 321 1694 dicit
356 1629 554 1716 Chrysippus
585 1637 619 1696 et
648 1631 829 1714 Cleanthes,
862 1632 942 1697 nihil
974 1633 1186 1716 praetermisit
1227 1630 1452 1716 pertinentium
1484 1627 1527 1694 ad

240 1737 407 1803 certiorem
426 1737 646 1822 utilioremque
665 1739 951 1823 dispensationenr“
969 1743 1028 1824 (=,
1050 1740 1224 1823 διοίκησιν).
1271 1736 1377 1821 Quam
1402 1742 1525 1802 senten·

244 1843 322 1908 tiam
345 1866 413 1909 esse
436 1866 543 1910 veram
566 1845 719 1931 probatur
741 1845 960 1932 paragraphis,
990 1868 1072 1930 qnae
1103 1852 1285 1930 sequuntur.
1327 1877 1369 1893 »-
1411 1843 1526 1928 Itaque

239 1948 342 2016 ,Bollii
366 1951 579 2018 coniecturam
601 1954 706 2020 reicio.

335 2074 479 2143 Similem
502 2078 578 2144 solis
600 2079 714 2145 virium
736 2079 865 2145 laudem
888 2081 1065 2145 invenimus
1088 2081 1121 2145 in
1140 2079 1238 2144 Plinii
1261 2102 1291 2143 n.
1310 2078 1341 2142 h.
1359 2077 1407 2159 H,
1431 2080 1450 2160 ξ
1473 2079 1525 2142 12:

245 2181 448 2268 „Elorumtsc
460 2185 598 2251 siderum
617 2188 802 2269 errantium)
820 2187 943 2252 medius
962 2188 1010 2253 sol
1028 2186 1128 2252 fertur
1151 2185 1387 2270 amplissima
1405 2184 1526 2269 magni-

243 2289 356 2356 tudine
372 2313 411 2357 ao
433 2297 641 2376 potestate,
665 2316 724 2359 nec
747 2300 955 2378 temporum
975 2294 1068 2359 modo
1078 2301 1304 2377 terrarumque,
1323 2292 1379 2358 sed
1388 2291 1526 2357 siderum

242 2398 344 2462 etiam
362 2399 502 2483 ipsorum
521 2400 663 2484 caelique
685 2407 818 2467 rector.
864 2400 962 2467 Hunc
979 2423 1047 2467 esse
1070 2402 1199 2467 mundi
1222 2402 1340 2466 totius
1364 2401 1527 2464 animum

245 2525 286 2571 uc
307 2505 434 2590 planius
456 2514 603 2590 mentem,
635 2507 720 2574 hunc
751 2509 966 2594 principale
998 2516 1157 2575 naturae
1187 2509 1353 2593 regimen
1376 2515 1430 2593 (=
1454 2509 1526 2591 ἡγε-

245 2615 392 2698 μονικόν)
418 2637 456 2680 ao
479 2637 596 2680 numen
619 2616 745 2682 eredere
770 2615 861 2682 decet
883 2639 980 2701 opera
1002 2618 1070 2682 eius
1098 2618 1311 2683 aestimantes.
1342 2615 1394 2680 hic
1425 2614 1528 2679 lucem

245 2720 341 2787 rebus
358 2723 519 2788 ministrat
536 2723 699 2807 aufertque
717 2723 873 2806 tenebras,
895 2724 948 2790 hic
962 2724 1084 2809 reliqua
1102 2723 1207 2789 sidera
1225 2723 1364 2790 occultat
1382 2721 1528 2802 illustrat,

246 2827 299 2895 hie
328 2829 430 2896 vices
460 2836 671 2914 temporum
702 2839 920 2916 annumque
946 2853 1093 2916 semper
1121 2836 1383 2897 renascentem
1407 2851 1446 2894 ex
1469 2850 1528 2894 usu

243 2941 381 3003 naturae
413 2943 577 3023 temperat,
608 2938 661 3004 hie
693 2939 774 3005 caeli
807 2939 968 3005 tristitiam
1001 2940 1131 3005 discutit
1160 2945 1255 3023 atque
1278 2938 1374 3004 etiam
1396 2935 1528 3002 humani

244 3043 358 3110 nubila
382 3046 480 3110 animi
504 3051 638 3128 serenat,
656 3045 708 3112 hic
727 3069 832 3113 suum
855 3047 981 3113 lumen
1005 3049 1144 3113 ceteris
1167 3067 1314 3130 quoque
1338 3043 1529 3110 sideribus

243 3152 410 3236 ¹fenerat,
433 3153 624 3238 praeclarus,
643 3154 793 3220 eximius“
812 3159 871 3220 etc.
903 3154 968 3220 His
986 3154 1063 3238 quin
1082 3153 1183 3219 subsit
1193 3152 1357 3221 Cleanthis
1376 3151 1529 3232 doctrina,

244 3261 311 3325 iam
334 3259 454 3342 Hirzeh
478 3261 768 3345 Untersuchungen
791 3284 830 3328 zu
854 3260 921 3329 Cic.
944 3260 1058 3346 philos.
1081 3260 1171 3329 Sohr.
1194 3261 1241 3343 H,
1271 3264 1300 3343 1,
1325 3263 1388 3326 138
1411 3259 1484 3325 adn.
1510 3263 1527 3324 1

243 3389 312 3433 non
335 3367 500 3433 dubitavit
545 3367 627 3434 Inde
660 3374 776 3450 autern,
808 3369 894 3454 quod
926 3391 998 3435 eum
1030 3369 1155 3434 Plinius
1183 3369 1266 3434 inter
1288 3373 1433 3433 auctores
1456 3389 1530 3432 suos

244 3497 311 3541 non
335 3477 487 3557 nominat,
510 3477 618 3541 existit
640 3499 758 3561 magna
781 3476 959 3558 difficultas,
983 3499 1080 3560 quam
1095 3475 1207 3542 Hirzel
1223 3477 1269 3541 ita
1286 3475 1396 3541 tollere
1415 3475 1530 3554 studet,

246 3588 284 3648 ut
302 3582 559 3649 adPosidonium
578 3583 680 3649 redire
690 3584 832 3649 Plinium
852 3584 946 3649 dicat
991 3583 1104 3668 Neque
1128 3605 1201 3649 vero
1224 3584 1284 3667 ipsi
1306 3582 1386 3647 haec
1409 3582 1529 3648 coniec-

247 3695 321 3756 tura
343 3691 428 3756 omui
452 3711 491 3756 ex
513 3697 604 3775 parte
628 3691 734 3776 placet
756 3691 812 3756 sed
834 3691 932 3757 libere
957 3690 1041 3773 dicit,
1065 3713 1147 3775 quae
1166 3690 1293 3756 obstent
1309 3689 1530 3755 dubitationes.

247 3795 299 3864 Ne
322 3819 381 3864 nos
403 3797 531 3882 quidem
554 3799 756 3865 concedimus
780 3799 881 3864 virum
905 3799 1032 3864 doctum
1052 3804 1136 3864 recte
1153 3798 1324 3882 disputare.
1371 3795 1437 3862 Sed
1459 3817 1531 3861 cum

247 3904 388 3970 Plinium
407 3906 506 3990 ipsius
526 3905 691 3972 Cleanthis
709 3906 806 3972 libros
825 3906 998 3990 inspexisse
1023 3927 1174 3990 negemus
1198 3928 1270 3972 cum
1293 3904 1356 3985 illo.
1379 3924 1531 3987 quaeren-

244 4011 326 4096 dum
349 4005 406 4095 est,
425 4035 446 4078 a
464 4035 527 4097 quo
544 4012 625 4079 haec
643 4014 802 4079 sententia
819 4036 891 4080 cum
907 4012 1013 4080 Plinio
1031 4014 1073 4079 sit
1087 4015 1328 4079 communicata
1373 4009 1531 4095 Equidem

247 4118 516 4205 Hipparchum
546 4120 607 4187 hoe
629 4120 774 4188 sunctum
798 4143 866 4186 esse
889 4143 1020 4187 munere
1043 4121 1146 4203 eredo,
1175 4116 1285 4205 utpote
1301 4120 1362 4205 'qni
1385 4141 1406 4184 a
1427 4117 1533 4184 Plinio

245 4228 332 4294 inter
354 4227 485 4294 secundi
509 4228 582 4296 libri
606 4234 750 4295 auctores
775 4234 921 4295 externos
944 4229 977 4293 in
1000 4228 1104 4294 indice
1126 4227 1276 4293 laudetur
1297 4227 1426 4312 primus.

340 4369 407 4440 Sed
430 4378 467 4439 ut
487 4372 572 4439 hane
595 4374 785 4438 sententiam
804 4373 1000 4457 argumentis
1018 4371 1155 4453 fulciam,
1178 4371 1275 4456 paulo
1298 4370 1423 4455 longius
1444 4389 1533 4453 repe·

249 4485 323 4545 tam.
382 4478 558 4562 Suitalski,
595 4480 664 4546 Des
702 4479 887 4548 Chalcidius
920 4479 1127 4547 Commentar
1163 4501 1203 4544 zu
1238 4478 1350 4544 Platos
1382 4475 1533 4542 Timaeus

246 4585 427 4679 (Muenster
451 4588 548 4670 1902)
571 4610 601 4672 p.
625 4590 668 4652 28
690 4587 780 4653 dicit:
826 4587 885 4670 „In
909 4610 935 4654 c.
960 4589 1024 4653 100
1047 4590 1102 4671 t=
1127 4587 1169 4652 99
1193 4583 1298 4668 Mull)
1320 4584 1400 4669 folgt
1422 4604 1457 4649 or
1478 4586 1532 4666 (se.

248 4693 445 4800 Chalcidius)
472 4693 772 4763 bomerlrensuerter
797 4694 907 4762 Weise
938 4694 1011 4761 dem
1034 4691 1164 4768 sunu
1185 4690 1392 4762 Kleanthes‘t
1440 4688 1532 4776 Quae
