3618 5164
812 327 1034 420 ..52-

281 523 373 594 Paul.
397 551 422 593 c.
449 531 487 592 15
519 533 599 608 extr;
634 525 775 610 Simplic.
808 529 840 591 in
872 524 1006 592 Aristot.
1039 527 1078 592 de
1111 527 1199 593 caelo
1231 527 1277 609 II,
1308 530 1357 609 14,
1389 551 1419 612 p.
1444 531 1562 612 549,32

281 636 439 720 Heiberg;
474 634 594 700 Theon.
620 633 743 719 Smyrn.
779 634 941 714 124‚19¹);
975 634 1095 700 Theon.
1125 633 1301 700 Alexandr.
1331 659 1362 719 p.
1392 639 1434 702 23
1465 638 1563 722 (apud

281 742 411 827 Berger.
435 742 499 807 Die
523 764 627 826 geogr.
650 741 748 825 thte
773 742 802 807 d.
821 739 983 807 Eratosth.
1007 763 1036 825 p.
1062 744 1125 824 80).
1172 741 1251 807 Tres
1274 741 1336 807 loci
1359 743 1470 809 ultimo
1492 744 1562 810 loeo

281 850 406 915 laudati
428 850 543 914 mirum
566 849 725 932 quendam
747 850 781 912 in
804 849 934 913 modum
957 853 1121 932 tantopere
1145 850 1227 915 inter
1245 871 1278 914 se
1295 852 1503 933 consentiunt,
1527 858 1564 917 ut

281 960 358 1041 quin
391 979 430 1021 ex
462 955 572 1021 eodem
605 955 691 1021 fonte
723 957 922 1021 manaverint
950 955 1018 1020 fieri
1042 978 1105 1020 non
1128 958 1236 1040 possit.
1281 957 1453 1023 Praeterea
1476 959 1562 1043 apud

281 1064 479 1149 Simplicium
502 1069 534 1128 et
556 1063 642 1146 apud
665 1062 827 1129 Thoonem
847 1061 1058 1148 Smyrnaeum
1086 1063 1263 1129 observatio
1287 1064 1343 1128 illa
1366 1067 1504 1131 occurrit
1527 1067 1561 1132 in

280 1173 391 1238 eodem
420 1176 577 1236 contextu.
622 1170 764 1254 Uterque
797 1171 881 1235 enim
915 1177 1078 1255 computat
1108 1177 1210 1236 terrae
1243 1193 1381 1236 massam
1405 1178 1445 1254 et,
1477 1173 1562 1257 quod

280 1281 395 1344 summi
418 1284 466 1344 est
487 1279 647 1359 momenti,
671 1283 801 1361 uterque
819 1278 1029 1343 ratiocinandi
1049 1278 1161 1342 eadem
1179 1280 1279 1344 utitur
1297 1280 1350 1344 via
1368 1301 1406 1345 ac
1424 1282 1560 1361 ratione3

279 1386 415 1453 formula
456 1387 540 1450 enim
573 1384 807 1466 mathematica,
852 1407 934 1468 quae
974 1385 1151 1467 adhibetur,
1190 1385 1276 1470 apud
1314 1392 1481 1471 utrumque
1514 1393 1562 1454 est

280 1491 509 1559 Archimedes:

371 1599 534 1684 Sphaerae
563 1621 734 1664 massa:
758 1599 954 1683 d(iametrus)
979 1597 1112 1687 ³.¹¹l„.
1157 1599 1280 1666 Tamen
1302 1623 1368 1666 una
1390 1608 1439 1667 est
1460 1602 1561 1669 diver·

280 1712 365 1775 sitas.
411 1706 501 1772 Theo
521 1709 604 1771 enim
627 1707 872 1772 Eratosthenem
896 1712 1031 1788 secutus,
1055 1713 1091 1771 ut
1114 1708 1181 1791 ipse
1205 1707 1283 1773 dicit
1300 1710 1443 1793 (ratic)
1461 1712 1560 1774 maxi·

279 1839 367 1882 mrnn
390 1821 492 1892 terrae
515 1815 666 1879 circulum
691 1816 827 1879 252000
851 1813 1034 1895 stadiorum,
1066 1813 1249 1898 Simplicius
1272 1818 1313 1899 (p.
1339 1818 1456 1898 549,10
1479 1816 1559 1882 Hei-

279 1924 369 2007 berg)
402 1943 473 1987 vero
506 1927 632 1986 secutus
665 1921 884 1987 Ptolemaeum
919 1923 1053 1988 180000
1087 1922 1260 1988 stadiorum
1292 1924 1391 2006 ponit
1445 1923 1560 2008 Itaque

280 2051 472 2114 quamquam
494 2029 575 2094 ratio
599 2033 647 2092 est
669 2027 789 2109 eadem,
812 2034 918 2093 tamen
942 2029 1064 2093 numeri
1087 2029 1170 2094 inter
1192 2051 1225 2094 se
1249 2030 1382 2112 variant,
1405 2031 1560 2115 imprimis

280 2139 411 2220 numeri,
434 2136 548 2220 quibus
567 2141 687 2219 quanta
705 2136 747 2200 sit
765 2142 866 2201 terrae
885 2158 999 2210 massa,
1024 2136 1211 2202 declaratur.
1256 2136 1304 2202 Ut
1322 2143 1437 2220 autem,
1460 2160 1559 2222 quau·

279 2251 388 2329 tepere
412 2245 620 2324 consentiant,
643 2264 878 2328 cognoscamus.
902 2265 1085 2327 comparare
1108 2243 1194 2310 locos
1217 2265 1345 2310 necesse
1369 2251 1424 2310 est.

229 2337 231 2346 ¹
523 2350 611 2415 Theo
633 2373 664 2434 p.
690 2352 806 2432 124,10
830 2350 874 2415 Η.
1116 2349 1227 2435 Simpl.
1250 2373 1281 2436 p.
1302 2352 1395 2433 549,9
1420 2351 1517 2418 Heib.

279 2460 314 2524 τδ
343 2462 417 2525 ὅλον
443 2467 498 2544 τῆς
525 2466 582 2544 γῆς
603 2460 742 2541 μέγεθος
763 2459 843 2522 κατὰ
866 2458 919 2523 τδν
948 2458 966 2520 δ
988 2459 1132 2540 μέγιστος
1155 2460 1188 2523 έν
1210 2467 1248 2543 τῇ
1271 2467 1311 2543 νῇ
1330 2461 1459 2527 κύκλων
1474 2463 1560 2546 περί-

278 2570 422 2651 μέγιστον
483 2569 579 2650 αὐτῆς
636 2566 920 2648 περιμετρούμενον
946 2590 1061 2648 μετρον
1094 2567 1156 2649 ἔχει
1187 2567 1355 2649 μυριάδων
1388 2569 1560 2643 δεκαοκτώ,

279 2677 398 2740 κύκλον
427 2677 595 2758 μυριάδων
624 2675 667 2737 κε’
698 2674 751 2737 καὶ
782 2675 823 2736 έτι
854 2674 918 2736 δισ-
948 2674 994 2742 ὡς
1012 2673 1031 2736 ὁ
1048 2672 1245 2756 Πτολεμαῖος
1263 2674 1296 2737 έν
1310 2681 1348 2758 τῇ
1366 2673 1561 2760 Γεωγραφίη

279 2783 388 2865 χιλίων
418 2781 553 2844 σταδίων
583 2781 733 2862 σύνεγγυς
765 2780 919 2844 δείκνυσιν
947 2780 1154 2862 άνελογίσατο.

275 2888 514 2972 Ἐρατοσθένης,

319 2995 513 3080 Ἀρχιμήδης
554 2995 589 3058 δέ
624 3000 679 3058 τοῦ
711 2995 831 3058 κύκλου
864 2992 920 3076 τὴν
992 2993 1056 3057 ἐπεὶ
1073 2993 1107 3057 δὲ
1117 2993 1270 3059 δείκνυται
1280 2994 1561 3080 ὖπδἌρχιμήδους

279 3105 478 3187 περιφέρειαν
499 3104 541 3172 εἰς
559 3103 685 3166 εὐθεῖαν
704 3102 919 3184 ἐκτεινομένην
947 3103 966 3183 ἡ
989 3102 1174 3185 περίμετρος
1202 3108 1258 3166 τοῦ
1288 3103 1408 3167 κύκλου
1433 3105 1559 3188 τριπλα-

279 3217 333 3294 τῆς
357 3211 524 3292 διαμέτρου
548 3209 727 3291 τριπλασίαν
743 3207 796 3270 καὶ
815 3209 855 3270 ἔτι
873 3215 920 3288 τῷ
948 3208 1025 3271 σίων
1047 3215 1101 3290 τῆς
1118 3210 1286 3291 διαμέτρου
1302 3209 1355 3273 καί
1371 3211 1412 3274 ἔτι
1428 3211 1560 3294 ἑβδόμῳ

281 3317 413 3400 ἑβδόμῳ
427 3317 516 3398 μέρει
534 3316 629 3397 αὐτῆς
645 3314 716 3399 [τῆς
732 3312 918 3396 διαμέτρου]
946 3316 1034 3396 μέρει
1056 3316 1152 3399 αὐτῆς
1174 3317 1381 3399 ὑπερέχουσα,

279 3425 416 3507 μείζονα.

281 3533 351 3594 ὥστ’
383 3533 428 3614 εἴη
460 3532 498 3592 ἂν
528 3531 547 3612 ἦ
576 3533 661 3592 πᾶσα
688 3535 741 3611 τῆς
772 3534 829 3611 γῆς
852 3528 918 3591 διά·
947 3530 1071 3611 ἔσταιῂ
1097 3530 1262 3613 διάμετρος
1284 3531 1453 3613 μυριάδων
1469 3534 1559 3596 πέντε

260 3663 393 3721 -μετρος
403 3637 571 3720 μυριάδων
586 3636 615 3719 η’
631 3635 767 3718 καίρπβ
784 3635 919 3698 σταδίων
946 3636 1000 3698 καί
1022 3636 1258 3719 ἑπτακισχιλίων
1277 3636 1447 3704 διακοσίων
1465 3639 1557 3721 ἑβδο-

280 3749 401 3829 έχχιστα
424 3745 486 3808 κτλ.
946 3743 1088 3824 μήκοντα
1111 3747 1214 3826 τριῶν.

282 3868 364 3934 Inde
383 3868 428 3933 ab
450 3867 511 3933 hoc
533 3867 602 3932 loco
624 3866 770 3931 turbatur
793 3872 976 3946 concentum
1011 3865 1099 3930 Theo
1122 3867 1206 3931 enim
1228 3865 1321 3950 plura
1343 3866 1441 3934 habet
1462 3890 1558 3952 quam

284 3975 475 4060 Simplicius.
521 3974 595 4039 Ηοσ
625 3995 681 4038 cur
709 3974 755 4038 ita
778 3975 827 4054 sit,
858 3972 948 4037 facile
971 3973 1190 4057 intellegimur.
1237 3972 1326 4039 Theo
1357 3975 1442 4040 enim
1472 3977 1558 4060 quod

282 4090 405 4149 montes
428 4088 462 4147 et
482 4083 584 4147 maria
606 4080 687 4145 nihil
707 4081 811 4146 valere
834 4081 876 4145 ad
899 4086 1001 4144 terrae
1020 4079 1272 4163 magnitudinem
1289 4081 1412 4165 probat,
1434 4088 1558 4168 semper

282 4192 436 4274 respicere
459 4189 501 4254 ad
523 4191 678 4254 montium
702 4188 901 4253 altitudinem
924 4193 957 4252 et
978 4209 1118 4252 massam
1141 4186 1247 4269 debet3
1272 4185 1455 4274 Simplicius
1468 4213 1557 4274 rere,

280 4299 335 4381 qui
357 4298 457 4363 solam
481 4303 582 4361 terrae
605 4294 857 4380 magnitudinem
887 4296 1008 4359 emetiri
1039 4294 1153 4376 studet,
1186 4294 1296 4360 ultimo
1329 4295 1456 4363 demum
1487 4298 1556 4365 loco

279 4405 432 4488 montium
457 4404 565 4469 decem
589 4403 762 4470 stadiorum
786 4401 954 4468 altitudine
977 4401 1110 4467 formam
1133 4408 1236 4467 terrae
1259 4401 1422 4486 globosam
1440 4407 1556 4472 mutari

366 4584 389 4646 ¹)
406 4583 577 4653 Quamquam
596 4581 650 4636 hoc
668 4582 729 4651 ipso
748 4582 811 4637 loco
830 4581 857 4635 in
878 4580 959 4635 codd.
979 4581 1055 4634 doust
1078 4598 1213 4648 numerus,
1241 4579 1275 4634 ab
1304 4581 1454 4660 editoribus
1481 4588 1555 4638 recte

273 4673 433 4750 suppletum
451 4658 592 4734 οειςδέκα
617 4656 651 4720 δὲ
674 4656 809 4721 σταδίων
832 4655 911 4720 έστίν
934 4657 963 4748 ἡ,
984 4670 1019 4726 es.
1041 4673 1148 4746 125325
1170 4673 1260 4742 126,³;
1283 4661 1478 4744 127,8,16'H.
