3618 5164
801 337 1022 400 ..54-

269 557 365 619 quam
390 535 455 598 iam
480 531 601 598 Martin
631 539 663 599 et
685 532 792 598 Hiller
820 537 1007 614 statuerunt,
1044 534 1195 599 maiorem
1227 555 1295 599 esse
1328 531 1429 603 credo.
1461 554 1557 617 quarn

270 647 306 707 ut
329 641 441 726 paucis
464 639 629 725 expleatur
651 639 763 706 verbis.
811 638 906 724 Quod
928 647 965 706 ut
986 649 1096 727 putem
1119 662 1156 706 eo
1174 642 1276 725 magis
1296 639 1444 719 adducor,
1467 638 1553 724 quod

271 748 357 833 apud
390 745 589 833 Simplicium
621 748 840 832 (clauo-27
875 746 1029 834 Heiberg)
1061 748 1216 833 expressis
1248 744 1364 829 verbis,
1396 745 1553 831 quomodo

271 862 490 940 computemus
513 877 652 920 massam
675 853 816 940 cylindri,
841 854 1083 923 demonstratm.
1112 894 1154 904 —
1184 854 1333 939 Denique
1356 859 1488 938 uterque
1511 852 1554 920 ad

274 962 484 1028 emetiendam
503 961 657 1046 sphaerae
671 983 810 1027 massam
820 962 952 1028 adhibet
960 963 1136 1050 cylindrum
1146 962 1299 1048 sphaerae
1309 962 1553 1028 circumdatum:

525 1086 614 1153 Theo
640 1089 734 1168 1272
759 1086 872 1152 Hiller.
1139 1086 1391 1172 simplorum
1416 1085 1512 1152 Heib.

276 1195 347 1281 [τδν
372 1195 406 1260 δὲ
430 1195 479 1260 ἐπὶ
501 1201 556 1260 τοῦ
580 1196 701 1260 κύκλου
731 1195 916 1280 κύλινδρον]
943 1196 998 1260 καλ
1013 1197 1118 1281 ἐπειδὴ
1135 1197 1154 1260 ὁ
1170 1197 1272 1266 οὕτως
1288 1198 1372 1278 ἔχων
1390 1196 1557 1279 κύλινδρος

276 1304 496 1368 ἀποδείκνυσιν
536 1303 729 1386 Ἀρχιμήδης
774 1303 916 1386 ἡμιόλιον
944 1304 1085 1388 ἡμιδλιδς
1107 1305 1169 1369 ἔστι
1191 1311 1245 1388 τῆς
1268 1304 1404 1386 σφαίρας
1426 1302 1489 1366 κτλ.

275 1418 329 1494 τῆς
352 1412 385 1474 ἒν
408 1411 496 1493 αὐτῷ
519 1411 655 1493 σφαίρας
677 1410 740 1473 κτλ.

276 1519 391 1598 127,16
428 1517 497 1581 οὐδ’
533 1517 594 1600 ἄρα
627 1521 691 1580 τῶν
724 1517 745 1580 ι’
780 1517 916 1580 σταδίων
944 1519 1062 1599 549,32
1085 1517 1167 1602 πρὸς
1190 1518 1225 1583 δὲ
1243 1517 1278 1581 τὸ
1297 1523 1446 1582 τοσοῦτον
1463 1517 1555 1600 μέγε-

273 1627 347 1708 ἔχον
370 1625 425 1708 τὴν
448 1625 585 1688 κάθετον
615 1624 814 1707 ὑψηλότατον
838 1625 916 1706 ὄρος
943 1625 1004 1696 θος
1026 1632 1080 1709 τῆς
1103 1632 1160 1709 γῆς
1177 1625 1213 1689 τὰ
1232 1630 1296 1690 τῶν
1315 1625 1402 1707 δρῶν
1423 1623 1555 1707 ἀναστή·

273 1732 334 1796 ἐστὶ
362 1731 444 1815 πρὸς
472 1731 567 1814 λόγον
594 1737 651 1795 τοῦ
673 1731 719 1815 μὴ
744 1730 914 1815 σφαιρικὴν
942 1756 1026 1815 ματα
1046 1734 1105 1797 οὐκ
1125 1735 1204 1798 ἔστιν
1223 1731 1315 1796 ἱκανὰ
1334 1731 1369 1796 τδ
1388 1728 1556 1814 σφαιρικὸν

273 1839 349 1902 εἶναι
364 1838 420 1921 τὴν
434 1843 540 1902 πᾶσαν
554 1845 608 1921 τῆς
624 1844 681 1922 γῆς
696 1837 749 1902 καί
759 1838 915 1921 θαλάττης
942 1840 1039 1924 αὐτῆς
1071 1840 1244 1923 ἀφελέσθαι
1275 1845 1382 1923 σχῆμα
1415 1836 1490 1902 οὐδὲ
1518 1836 1555 1900 τὰ

275 1946 465 2028 ἐπιφάνειαν.
941 1947 1040 2030 μέτρα
1055 1946 1092 2010 τὰ
1109 1947 1156 2018 ὡς
1171 1953 1339 2030 σφαιρικῆς
1355 1945 1452 2028 οὔσης
1461 1945 1557 2028 αὐτῆς

942 2054 1138 2136 συναχθέντα
1163 2053 1344 2138 διαβάλλειν.

370 2174 444 2260 Qua
473 2197 512 2240 ex
541 2177 777 2260 comparatione
807 2197 925 2260 magna
950 2176 1062 2242 horum
1085 2176 1226 2242 locorum
1250 2175 1423 2241 similitudo
1445 2173 1556 2240 elucet.

278 2283 400 2348 Tamen
423 2284 488 2347 iam
510 2305 608 2347 unam
631 2284 800 2348 statuimus
824 2283 1042 2349 differentiam.
1087 2283 1250 2350 Maximus
1273 2285 1358 2349 enim
1376 2289 1478 2348 terrae
1497 2282 1555 2347 cir·

278 2391 368 2456 culus
400 2389 486 2473 apud
519 2389 654 2455 alterurn
692 2392 833 2469 180000,
871 2391 958 2475 apud
994 2391 1128 2457 alterum
1162 2392 1297 2457 252000
1330 2389 1468 2456 stadium
1499 2393 1556 2453 est.

280 2495 366 2581 Quid
390 2497 429 2562 de
452 2496 513 2562 hac
535 2518 569 2562 re
593 2498 634 2562 sit
657 2497 857 2578 censendum,
880 2498 1085 2582 inquiramus

367 2619 473 2706 Supra
490 2625 534 2706 (p.
552 2623 606 2704 50)
629 2623 807 2706 suspicatus
836 2644 917 2705 sum,
947 2644 1017 2688 eum
1043 2622 1182 2690 Theonis
1206 2629 1339 2708 partem,
1362 2644 1427 2707 qua
1444 2628 1561 2687 terram

282 2751 351 2794 esse
374 2728 534 2814 globosam
564 2728 799 2795 demonstratm
826 2738 867 2814 (p.
893 2732 1151 2813 mul-laea),
1182 2729 1372 2815 respondere
1406 2727 1564 2796 Chalcidii

280 2839 312 2900 in
330 2836 414 2902 Plat
424 2835 505 2900 Tim.
517 2858 543 2901 o.
555 2839 685 2902 samos
705 2835 830 2921 (Mill).
876 2837 1002 2903 Ibidem
1019 2860 1213 2922 quamquam
1230 2839 1296 2903 iam
1312 2835 1563 2918 commemoravi,

281 2943 554 3010 ratiocinationem
578 2944 617 3009 de
640 2950 742 3009 terrae
765 2945 848 3011 mole
871 2967 953 3028 quae
976 2951 1024 3010 est
1047 2946 1134 3030 apud
1157 2941 1320 3011 Thoonem
1343 2966 1407 3011 non
1429 2943 1563 3009 inveniri

282 3053 318 3115 in
343 3049 501 3118 chalcidii
523 3050 613 3128 libro,
636 3057 742 3116 tamen
766 3074 830 3118 non
853 3058 902 3117 est
923 3052 1185 3135 concludendum,
1209 3075 1280 3118 eam
1303 3075 1324 3118 a
1342 3051 1472 3118 Theona
1495 3072 1564 3117 esse

283 3159 484 3240 inculcatam,
516 3164 627 3224 contra
659 3164 725 3224 tam
757 3161 935 3225 necessaria
963 3166 1011 3226 est
1038 3162 1096 3226 toti
1120 3161 1159 3227 de
1182 3155 1286 3226 terrae
1308 3159 1410 3226 forma
1432 3157 1564 3244 globosa

284 3266 487 3350 inquisitioni,
517 3271 553 3330 ut
576 3266 634 3332 eici
657 3289 721 3333 non
743 3267 851 3351 possit.
896 3267 1072 3352 Postquam
1104 3269 1188 3334 enim
1220 3266 1417 3353 superficiem
1448 3265 1563 3330 maris

284 3375 447 3457 omnisque
471 3395 572 3457 aquae
596 3395 664 3439 esso
688 3374 850 3458 globosam
869 3374 1015 3459 probavit
1032 3375 1081 3459 (ct
1099 3399 1131 3461 p.
1151 3379 1245 3458 124,6
1264 3374 1300 3440 H
1319 3380 1352 3440 et
1371 3375 1487 3454 127,16
1507 3371 1564 3456 H),

284 3480 483 3545 altitudinem
515 3482 697 3547 montium
729 3503 786 3566 pro
819 3489 922 3548 terrae
951 3483 1164 3549 immensitate
1187 3482 1266 3548 nihil
1289 3482 1393 3547 valere
1417 3480 1563 3547 affirmat

284 3587 373 3654 Theo
405 3589 482 3672 ipse,
516 3610 597 3672 quae
630 3595 754 3654 exstent
784 3612 813 3673 p.
840 3592 1085 3672 120,1-129,0,
1118 3596 1245 3676 sumpta
1267 3611 1336 3656 esse
1359 3611 1398 3655 ex
1420 3586 1563 3655 Adrasto

284 3696 362 3761 dicit
379 3697 420 3779 (p.
442 3698 535 3777 120,6
554 3719 613 3779 sq.;
641 3699 734 3778 129,8
753 3701 819 3780 sq).
865 3696 917 3761 Ex
939 3698 1050 3763 eodem
1073 3699 1223 3782 scriptore
1246 3698 1343 3763 etiarn
1363 3695 1563 3764 Chalcidium

283 3803 427 3868 hausisse
446 3825 492 3884 ea,
511 3825 592 3886 quae
612 3803 651 3869 de
669 3803 763 3869 rebus
780 3804 900 3889 profert
915 3806 1142 3888 astronomicis,
1159 3806 1303 3890 exposuit
1316 3803 1431 3886 Hiller,
1448 3801 1563 3869 Bhein.

286 3910 370 3976 Mus.
389 3909 431 3975 N.
450 3909 487 3974 F.
506 3909 635 3979 XXVI
652 3913 773 3996 (1871),
793 3915 977 3993 582-589,
996 3911 1033 3977 cf.
1053 3911 1224 3994 Switelski,
1244 3913 1286 3978 D.
1306 3911 1416 3981 Ohalc.
1433 3909 1563 3978 Komm.

285 4041 325 4083 zu
342 4018 425 4084 Plat.
445 4017 536 4100 Tim,
558 4042 588 4103 p.
610 4022 648 4084 61
670 4042 736 4104 sqq.
783 4018 849 4086 Sed
868 4042 887 4084 a
907 4019 1082 4102 Chalcidio,
1104 4021 1221 4105 quippe
1239 4020 1294 4105 qui
1315 4042 1414 4106 paruo
1435 4019 1563 4104 ingenio

286 4130 369 4190 esset
399 4126 570 4210 praeditus,
603 4125 763 4192 difficilem
796 4127 884 4192 illam
915 4127 1188 4195 ratiocinationem
1219 4149 1288 4194 esse
1319 4129 1469 4195 omissam
1498 4126 1563 4192 veri

286 4231 387 4298 simile
410 4238 466 4312 est,
490 4232 526 4299 cf.
547 4232 707 4301 Switalski
727 4235 747 4298 l.
765 4234 785 4300 l.
804 4257 834 4318 p.
855 4236 897 4300 65
916 4234 989 4300 adn.
1010 4238 1038 4317 1,
1060 4232 1116 4301 ubi
1134 4235 1173 4302 de
1193 4234 1303 4303 Chalc.
1321 4257 1347 4301 c.
1368 4238 1408 4300 63
1428 4234 1562 4301 disserit

284 4340 400 4424 Itaque
417 4340 501 4424 inde,
523 4342 608 4426 quod
624 4342 711 4427 apud
730 4340 931 4408 Chalcidium
950 4363 1014 4408 non
1036 4343 1172 4410 occurrit
1193 4349 1296 4409 terrae
1319 4364 1475 4426 memma,
1497 4364 1562 4411 non

284 4452 334 4512 est
364 4446 624 4532 concludendmn,
656 4472 676 4516 a
708 4449 838 4516 Theone
870 4471 941 4516 eam
973 4472 1041 4517 esse
1072 4452 1290 4537 interpositam
1319 4452 1402 4516 inter
1427 4448 1562 4518 Adrasti

285 4555 531 4639 disquisitiones,
564 4557 605 4622 ab
633 4556 776 4624 Adrasto
807 4558 914 4643 potius
944 4559 1013 4645 ipso
1042 4559 1099 4626 illa
1126 4581 1201 4645 pars
1224 4558 1313 4625 ducit
1333 4559 1495 4645 originem.
1519 4597 1560 4610 -

286 4663 500 4735 Transeamus
518 4663 561 4735 ad
579 4663 786 4756 Simplicium,
809 4667 863 4756 qui
881 4673 918 4737 ut
935 4667 1114 4754 statuimus,
1137 4690 1157 4735 a
1178 4673 1281 4738 terrae
1303 4668 1433 4738 memmi
1453 4666 1561 4737 circuli
