3618 5164
831 313 1052 379 ..qq-

296 529 415 594 magna
449 529 520 574 oum
552 509 675 575 inomia
706 530 736 594 p.
769 513 885 592 174,18
919 510 997 577 dicit
1027 514 1140 587 ἑξάκις,
1173 534 1366 597 quamquam
1396 537 1427 599 p.
1459 518 1575 598 172,23

292 616 409 700 legitur
429 618 517 702 παρὰ
540 617 575 682 τὸ
598 619 749 701 πέμπτον.
797 614 949 684 Summae
972 623 1079 684 autem
1102 624 1151 685 est
1168 619 1322 703 inscitiae,
1345 621 1431 706 quod
1455 623 1489 687 in
1513 621 1576 688 fine

290 722 385 790 huius
416 724 478 790 loci
510 723 588 790 dicit
618 746 649 808 p.
684 726 899 806 174,15-19.
953 723 1041 790 Nam
1073 747 1112 790 ex
1142 724 1204 792 hoc
1236 748 1314 809 uno,
1347 728 1433 813 quod
1464 728 1511 795 sol
1543 731 1576 795 in

291 831 504 917 Hellesponto
527 836 621 913 totus,
644 829 861 897 Alexandriae
880 837 986 898 autem
1005 830 1048 898 ad
1065 833 1209 916 quintam
1225 834 1340 919 speciei
1359 856 1435 901 suae
1450 841 1574 920 partem

290 937 397 1005 deficit
414 945 509 1023 atque
528 936 728 1005 Alexandria
747 938 788 1004 ab
806 937 1017 1024 Hellesponto
1036 939 1135 1005 distat
1152 940 1261 1006 docem
1279 940 1368 1006 milia
1387 942 1571 1025 stadiorum,

291 1046 339 1112 nil
357 1045 501 1113 concludi
516 1051 623 1131 potest
637 1045 697 1110 nisi
712 1044 854 1125 fortasse,
879 1052 1000 1130 quanta
1018 1069 1057 1112 ex
1075 1053 1178 1112 terrae
1196 1052 1287 1132 parte
1306 1048 1381 1114 solis
1396 1048 1574 1116 obscuratio

290 1154 511 1239 conspiciatur,
540 1158 574 1219 et
599 1175 640 1219 ne
666 1152 728 1219 hoc
749 1152 879 1237 quidem
900 1152 1046 1238 perfecte.
1093 1152 1279 1220 Oleomedes
1303 1176 1377 1221 voro
1401 1162 1509 1241 aperte
1533 1179 1573 1224 ex

289 1261 358 1327 sola
379 1261 500 1327 lunaris
522 1259 653 1327 umbrae
676 1260 895 1345 magnitudine
921 1261 1062 1345 ipsorum
1084 1261 1179 1327 lunas
1198 1267 1294 1345 atque
1313 1261 1388 1328 solis
1405 1283 1571 1348 corporum

292 1368 528 1455 magnitudines
559 1368 736 1453 computari
767 1388 859 1452 posse
892 1367 1072 1434 arbitratur.
1118 1367 1202 1434 'Pota
1232 1368 1289 1434 illa
1319 1370 1401 1436 ratio
1429 1376 1478 1436 est
1504 1377 1571 1438 tam

290 1475 533 1558 inconsiderata,
562 1480 600 1542 ut
627 1475 723 1559 plane
747 1474 949 1560 desperemus
972 1474 1011 1540 de
1036 1474 1215 1542 Oleomedis
1238 1476 1374 1560 ingenio.
1419 1476 1472 1543 Ex
1495 1499 1568 1545 oon·

292 1584 475 1668 gregatione
498 1603 640 1649 errorum
662 1582 727 1647 iam
749 1603 848 1648 nuum
871 1587 997 1649 tantum
1020 1581 1213 1668 depromam,
1241 1583 1275 1648 in
1305 1605 1399 1668 quem
1421 1585 1569 1672 incidisse

292 1695 436 1757 nostnun
467 1690 564 1756 etiam
595 1695 707 1773 postea
738 1688 922 1755 videbimus.
969 1687 1119 1775 Neglegit
1149 1689 1242 1773 enim,
1275 1691 1303 1756 si
1332 1690 1427 1757 lunae
1449 1693 1569 1777 solique

291 1797 404 1864 eadem
426 1802 476 1863 est
497 1795 693 1882 magnitudo,
724 1796 878 1879 mnbram,
910 1818 992 1880 quae
1016 1796 1081 1863 sole
1105 1795 1270 1863 deficiente
1292 1789 1430 1864 mittitur
1452 1821 1473 1864 a
1494 1799 1569 1866 luna

290 1905 324 1970 in
348 1910 473 1986 terram,
502 1925 567 1970 non
590 1925 669 1970 cono
692 1903 749 1970 sed
771 1902 912 1990 cylindro
935 1925 1003 1970 csse
1026 1903 1174 1986 similem;
1205 1903 1255 1970 vel
1275 1905 1391 1989 potins,
1418 1907 1567 1990 quoniam

291 2013 325 2078 in
357 2011 532 2080 defectione
565 2010 649 2093 solis,
683 2010 769 2096 quod
798 2012 865 2096 ipse
887 2010 983 2096 paulo
1006 2017 1080 2076 ante
1104 2011 1216 2077 statuit
1237 2035 1267 2096 p.
1293 2015 1407 2094 moal
1433 2035 1498 2099 sqq.
1521 2014 1570 2099 (et

295 2122 426 2202 172,13;
450 2121 514 2186 216
538 2120 605 2203 sq),
626 2117 722 2184 lunae
745 2118 859 2185 umbra
881 2140 959 2185 cono
983 2119 1094 2185 similis
1112 2118 1199 2185 cadit
1215 2119 1250 2184 in
1268 2124 1393 2202 terram,
1414 2120 1492 2188 luna
1507 2142 1571 2188 non

291 2233 487 2312 potestesse
510 2231 610 2308 tauta,
633 2232 771 2310 quantus
794 2225 850 2292 sol

378 2338 408 2420 β.
442 2331 646 2400 Accedamus
667 2355 754 2399 nunc
776 2332 820 2399 ed
848 2333 1019 2400 secundam
1050 2333 1146 2399 lunae
1175 2335 1572 2419 (p.146,17-14s‚3)et

291 2441 366 2508 solis
388 2442 621 2527 (mam-22)
644 2440 870 2507 diametrorum
893 2441 1169 2526 computationem.
1214 2440 1267 2506 Ex
1288 2461 1323 2507 re
1346 2447 1395 2508 est
1416 2463 1456 2508 ea
1479 2442 1570 2510 Oloo-

290 2549 391 2616 medis
414 2570 572 2634 apponere
595 2547 699 2630 verba,
726 2547 841 2632 quibus
868 2549 1047 2617 continetur
1067 2547 1308 2615 fundamentum
1331 2550 1428 2616 totius
1450 2549 1567 2636 disqui-

291 2658 414 2723 sitionis
436 2658 682 2742 (mono-ml:
715 2657 781 2721 ἐπεὶ
808 2655 865 2721 οὖν
889 2657 936 2729 otc
958 2663 1189 2741 καταμετρεῖται
1212 2659 1232 2742 ἡ
1256 2657 1328 2722 σκιὰ
1351 2664 1405 2743 τῆς
1427 2666 1485 2744 γῆς
1506 2659 1570 2724 ὑπὸ

289 2773 344 2831 τοῦ
368 2766 554 2849 σεληνιακοῦ
576 2765 744 2848 μεγέθους,
769 2765 860 2829 δοκεῖ
879 2764 1017 2829 πιθανὸν
1036 2765 1112 2829 εἶναι
1129 2764 1311 2829 ὀαιλασίονα
1335 2766 1489 2851 εἶναιτὴν
1512 2773 1570 2852 γῆν

292 2880 346 2959 τῆς
369 2874 501 2958 σελήνης
523 2870 571 2954 (cf.
593 2894 624 2956 p.
650 2873 877 2954 litam-13).
922 2870 1016 2937 Haec
1037 2891 1186 2936 mensura
1208 2873 1316 2956 magni
1339 2874 1489 2939 momenti
1513 2879 1571 2956 est,

291 2981 408 3064 quippe
431 2999 471 3046 ox
493 3000 558 3064 qua
580 2978 641 3045 orti
668 2979 732 3044 sint
760 2999 868 3044 omnes
895 2979 1018 3044 numeri
1040 2999 1070 3063 p.
1097 2980 1377 3062 146‚17-150‚23
1401 2986 1570 3048 exstantes.

290 3086 413 3153 Tamen
431 3108 471 3154 ns
489 3087 545 3153 uni
563 3084 690 3171 quidem
708 3085 788 3151 fides
805 3089 853 3152 est
868 3085 1025 3168 habenda,
1043 3085 1128 3170 quod
1144 3107 1309 3152 commune
1325 3086 1564 3154 fundamentum

288 3194 536 3261 infirmissimum
568 3200 624 3260 est
687 3193 807 3260 Incidit
842 3194 927 3259 enim
962 3196 997 3258 in
1030 3194 1166 3263 eundem
1198 3215 1335 3260 errorem
1368 3192 1564 3277 Cleomedon,

291 3324 385 3386 quem
417 3305 481 3369 iam
513 3324 611 3387 supra
640 3302 895 3386 vituperavimus.
940 3300 1022 3368 Indo
1055 3303 1148 3383 enim,
1176 3303 1262 3386 quod
1290 3301 1435 3368 umbram
1464 3308 1566 3368 terrae

291 3409 341 3476 bis
362 3410 441 3476 luna
463 3409 611 3476 deficiens
634 3409 829 3494 pe1metitur,
861 3430 954 3474 nemo
985 3408 1154 3475 concludat
1183 3409 1282 3475 altero
1305 3413 1394 3474 tanto
1417 3410 1567 3475 maiorem

291 3539 359 3584 esse
381 3523 498 3584 terram
520 3539 617 3602 quam
638 3517 748 3582 lunam
771 3515 820 3581 vel
841 3517 948 3601 potius
977 3523 1078 3582 terrae
1106 3516 1295 3583 diametrum
1317 3531 1413 3600 quam
1436 3516 1567 3601 lunae¹),

291 3627 353 3691 nisi
385 3631 481 3691 antea
511 3622 658 3710 probavit
688 3623 842 3706 umbram,
873 3645 969 3708 quam
996 3629 1082 3690 terra
1109 3623 1150 3690 ab
1173 3623 1238 3690 sole
1260 3623 1440 3689 illuminata
1461 3625 1567 3708 nrittit,

292 3755 360 3799 esse
383 3731 525 3819 cylindro
552 3731 695 3813 similem,
725 3732 744 3796 i.
768 3752 794 3797 e.
817 3730 876 3797 soli
899 3753 937 3797 ac
964 3738 1067 3798 terrae
1095 3753 1163 3797 esse
1186 3731 1320 3798 eandem
1342 3731 1566 3797 diametrorum

290 3839 550 3925 magnitudinem.
596 3837 692 3923 Quod
723 3838 850 3923 quidem
882 3860 975 3905 nemo
1008 3839 1089 3906 sorio
1121 3837 1300 3905 affirmabit
1347 3837 1427 3925 Quis
1459 3846 1566 3907 autem

290 3948 370 4014 tales
398 3968 501 4032 nugas
523 3945 695 4012 Posidonio
726 3945 863 4012 tribuere
895 3943 1046 4013 audebit?
1079 3984 1121 3995 -
1154 3945 1362 4014 Memorabile
1393 3954 1450 4031 est,
1481 3948 1565 4015 buno

288 4076 434 4138 errorem,
466 4076 505 4120 ex
536 4074 599 4138 quo
630 4054 700 4139 quis
733 4055 780 4120 uti
812 4053 926 4121 debere
954 4052 1085 4120 confidit
1106 4053 1236 4122 umbrae
1259 4055 1398 4140 corporis
1420 4055 1565 4122 caelestis

287 4161 505 4248 magnitudine
529 4161 572 4228 ad
592 4163 692 4247 ipsius
715 4162 853 4246 corporis
876 4161 1020 4228 caelestis
1043 4161 1294 4247 magnitudinem
1310 4163 1564 4248 computandam,

286 4269 335 4336 bis
364 4269 451 4355 apud
475 4267 677 4336 Oleomedem
700 4289 862 4336 occurrere
887 4271 1003 4352 muas
1029 4291 1074 4354 sq.
1096 4274 1130 4336 et
1153 4272 1269 4352 174‚15
1293 4290 1348 4354 sq.‚
1371 4291 1563 4355 quamquam

281 4379 353 4463 ,ipse
376 4399 406 4461 p.
433 4379 652 4459 lton-273
679 4379 809 4458 172,13;
833 4379 966 4458 208‚18;
990 4378 1055 4443 216
1074 4398 1119 4461 sq.
1136 4383 1223 4443 recte
1241 4379 1371 4462 exponit
1385 4377 1562 4444 doctrinam

284 4506 324 4550 ex
346 4485 449 4569 optice
472 4489 645 4569 sumptam3
669 4486 706 4549 cf.
730 4479 819 4580 Theo
843 4482 910 4551 Sm.
936 4487 1029 4566 leae
1053 4505 1098 4570 sq.
1121 4483 1158 4553 Η
1180 4490 1213 4554 et
1234 4483 1461 4571 Plin.n.h.11‚
1481 4487 1561 4570 551.

370 4665 394 4740 ι)
412 4664 448 4722 of.
465 4663 583 4736 meld,
601 4664 620 4721 l.
638 4664 657 4720 l.
674 4681 703 4740 p.
722 4667 757 4721 32
775 4663 839 4730 adn.
858 4667 903 4722 td.
