3632 5144
789 341 1008 404 ..31-

254 540 366 621 Δόγμα
399 539 460 602 ε’στὶ
491 544 555 602 τῶν
586 537 743 602 Στωικῶν
774 537 828 600 καὶ
859 538 1095 620 μαθηματικῶν
1124 539 1227 620 μένειν
1253 536 1308 600 τὸν
1334 537 1466 620 κόσμον,
1498 539 1533 603 τὸ

252 649 358 729 με’»ιιτοι
391 646 495 728 δόγμα
529 645 579 709 ded
608 646 758 708 τοιούτων
790 644 895 726 λόγων
923 645 1191 718 κατασκευάζεται·
1215 647 1244 707 εἰ
1264 645 1283 707 ό
1305 645 1427 727 κόσμος
1449 654 1535 729 κενῷ

254 755 286 817 ἕν
310 754 430 836 ἀπείρῳ
454 753 610 836 ὑπάρχων
632 753 733 816 κάτω
758 753 896 835 ἐφέρετο,
927 753 987 816 οὐκ
1017 754 1056 815 ἂν
1080 753 1196 835 ὄμβροι
1218 752 1456 835 κατελάμβανον
1478 752 1534 837 τὴν

254 868 331 944 γῆν(ί
354 861 416 923 κτλ.
462 858 630 942 Pugnatur
660 859 758 942 igitur
791 880 862 922 cum
893 857 1090 939 adversariis,
1121 859 1184 941 qui,
1217 859 1243 923 si
1274 879 1294 922 a
1321 855 1437 924 Stoicis
1466 879 1534 923 esse

253 988 387 1031 vacuum
411 964 584 1046 doceretur,
608 965 754 1030 deorsum
776 964 850 1029 ferri
872 965 1025 1029 mundum
1050 964 1205 1031 dicebant.

342 1116 388 1175 νγ.
414 1088 573 1174 Quoniam
597 1095 703 1155 autem
722 1091 769 1155 ita
787 1090 929 1154 videmus
948 1112 1012 1155 non
1030 1110 1069 1154 ex
1087 1090 1185 1174 ipsius
1205 1088 1384 1156 Cleomedis
1404 1090 1531 1174 ingenio

253 1197 380 1262 fluxisse
412 1198 491 1262 illud
523 1204 752 1282 argumentum,
786 1197 842 1262 sed
872 1197 943 1262 aliis
965 1218 1089 1280 quoque
1112 1196 1190 1280 locis
1212 1197 1354 1279 inveniri,
1388 1203 1531 1263 nostrum

253 1311 301 1370 est
332 1327 491 1388 quaerere,
523 1305 578 1388 qui
609 1306 650 1370 sit
678 1304 772 1370 huius
800 1305 956 1388 opinionis
984 1305 1158 1370 communis
1181 1303 1259 1370 fons.
1284 1342 1327 1352 —
1352 1302 1532 1390 Suspicaris

252 1412 385 1477 sortasse
410 1411 632 1498 Chrysippum,
668 1413 756 1477 cuius
789 1412 950 1477 doctrinae
981 1412 1115 1496 vestigia
1145 1413 1308 1477 innostro
1332 1413 1435 1497 capite
1459 1418 1534 1478 sunt

252 1519 362 1600 multa,
394 1541 462 1584 esse
495 1525 664 1585 auctorem.
709 1519 760 1583 Eo
787 1519 910 1585 facilius
940 1519 982 1583 ad
1004 1518 1087 1585 hanc
1110 1520 1299 1584 sententiam
1322 1518 1439 1586 adduci
1461 1521 1532 1603 quis

252 1632 364 1709 potest,
397 1626 481 1709 quod
513 1648 548 1692 re
575 1648 650 1691 vera
677 1628 741 1692 iam
768 1627 858 1692 illum
885 1626 1108 1711 philosophum
1131 1626 1192 1692 hac
1215 1627 1254 1692 de
1278 1649 1311 1693 re
1334 1629 1435 1713 egisse
1458 1649 1531 1693 con-

253 1733 408 1798 cludimus
442 1756 480 1798 ex
512 1734 596 1799 Plut.
629 1734 668 1799 de
698 1732 794 1800 Stoic.
817 1756 882 1818 rep.
906 1756 932 1799 c.
955 1715 1007 1816 dd,
1042 1734 1181 1800 10de
1216 1741 1295 1800 extr.
1319 1733 1457 1800 1054ΕΙ
1490 1773 1538 1814 -,

255 1842 339 1905 1055
364 1838 433 1924 Ar)
480 1841 602 1907 'l'amen
626 1841 712 1926 apud
732 1840 934 1908 Cleomedem
957 1841 1017 1907 hoc
1040 1862 1103 1906 uno
1126 1841 1195 1908 loco
1218 1864 1281 1908 non
1303 1842 1532 1928 Chrysippeam

252 1946 380 2012 subesse
404 1948 580 2014 doctrinam
603 1951 711 2014 statim
735 1948 878 2015 elucebit.
926 1948 1122 2034 Chrysippus
1150 1950 1234 2015 enim
1256 1949 1429 2015 Plutarcho
1454 1955 1534 2015 teste

252 2053 283 2138 (l.
306 2053 326 2118 l.
352 2057 437 2121 1054
447 2055 608 2121 F-1055
620 2055 666 2137 Α)
683 2057 955 2140 argumentatione
974 2077 1013 2121 ex
1031 2077 1197 2140 corporum
1215 2058 1248 2120 in
1266 2057 1377 2122 mundi
1395 2056 1534 2123 medium

253 2167 341 2226 motu
367 2169 494 2246 sumpta
521 2164 629 2244 utitur,
663 2169 700 2229 ut
731 2185 840 2230 omnes
872 2162 982 2228 mundi
1004 2169 1111 2248 partes
1134 2163 1302 2230 cohaerere
1325 2170 1358 2229 et
1381 2165 1534 2230 contineri

258 2268 459 2352 demonstret,
484 2269 670 2337 Cleomedes
693 2276 799 2337 autem
823 2271 912 2336 illum
934 2277 1056 2336 motum
1078 2293 1244 2356 corporum
1266 2271 1406 2338 medium
1424 2272 1534 2338 mundi

255 2378 430 2460 petentium
453 2376 553 2460 affert,
576 2384 613 2444 ut
634 2378 787 2444 mundum
810 2400 867 2462 per
889 2401 1024 2445 vacuum
1045 2378 1119 2444 ferri
1142 2384 1244 2463 neget

344 2483 503 2550 Nimirum
528 2484 724 2572 Chrysippus
747 2508 870 2571 quoque
906 2485 1024 2552 rebitet
1060 2485 1269 2568 adversarios,
1310 2488 1363 2570 qui
1403 2508 1535 2572 corpora

258 2590 404 2656 deorsum
426 2614 640 2676 pervacuum
663 2593 736 2659 ferri
758 2594 923 2678 putabant,
947 2594 1003 2660 scd
1025 2616 1144 2678 magna
1165 2595 1248 2659 inter
1267 2593 1480 2681 Chrysippum
1503 2601 1536 2661 et

259 2697 460 2764 Cleomedem
501 2701 670 2767 intercedit
710 2701 883 2767 diversitas.
946 2699 1090 2767 Primum
1129 2701 1213 2767 enim
1247 2701 1424 2788 Chrysippo
1463 2724 1535 2768 cum

257 2805 459 2888 Epicureis
492 2807 664 2892 disputatio
688 2816 743 2892 est,
776 2809 860 2875 Plut.
883 2809 903 2874 l.
926 2809 946 2874 l.
972 2809 1103 2875 1054B
1126 2811 1303 2893 uolturium
1325 2811 1456 2893 μάλιστα
1479 2811 1535 2894 τὴν

257 2914 428 2998 λεγομένην
446 2917 496 2980 ὑπ’
512 2917 704 3001 Ἐπικούρου
723 2925 777 3002 τῆς
796 2919 916 3001 ἀτόμου
935 2919 1023 2982 κάτω
1042 2917 1148 3001 φοράν
1166 2917 1368 3002 ἕλε’γξαντεςῖ)
1388 2919 1534 3002 ἀναιροῦ-

259 3046 315 3094 σιν,
326 3023 385 3085 οὐκ
396 3025 493 3106 οὔσης
503 3026 535 3087 ἓν
545 3026 665 3108 ἀπείρῳ
677 3026 841 3109 διαφορᾶς,
855 3028 933 3090 καθ’
954 3029 993 3109 ἣν
1011 3026 1046 3090 τὸ
1064 3024 1246 3108 μὲνάναιτὸ
1266 3026 1300 3089 db
1318 3026 1406 3090 κάτω
1425 3033 1536 3090 νοεῖται

260 3130 450 3211 γιγνόμενον,
468 3130 817 3198 Cleomedesverocum
836 3132 1111 3216 Peripateticis
1134 3131 1190 3196 sibi
1220 3130 1445 3197 decertandum
1468 3153 1536 3197 esse

260 3236 415 3318 opinatur,
449 3243 559 3302 contra
586 3260 664 3321 ques
688 3262 708 3303 a
731 3238 909 3325 Chrysippo
937 3240 1000 3304 tale
1023 3239 1101 3323 quid
1123 3238 1253 3323 proferri
1276 3261 1377 3323 neque
1401 3238 1537 3305 traditur

260 3363 361 3425 noque
394 3365 520 3408 neccsse
549 3353 625 3426 erat,
658 3368 728 3411 cum
752 3347 798 3412 illi
822 3347 914 3412 aliter
937 3352 1031 3430 atque
1054 3345 1212 3430 Epicurus
1236 3352 1406 3412 censerent.
1453 3345 1536 3411 'Pum

261 3448 302 3514 ad
324 3450 537 3534 repellendam
557 3453 642 3517 illam
660 3455 839 3537 opinionem
862 3477 926 3520 non
950 3453 1080 3519 adhibet
1097 3454 1182 3518 idem
1201 3459 1422 3539 argumentum
1441 3460 1536 3538 atque

263 3556 456 3640 CleomedeS,
484 3561 539 3623 sed
570 3560 646 3625 dicit
677 3562 773 3646 (Plut.
795 3562 815 3627 l.
838 3561 884 3645 l.):
929 3569 984 3627 τοῦ
1015 3563 1140 3644 κόσμου
1170 3562 1262 3626 κενὸν
1292 3563 1381 3634 ε’κτός
1408 3563 1538 3646 ἄπειρόν

262 3667 330 3740 ε’·στι,
353 3667 388 3730 τὸ
412 3668 441 3731 d’
467 3669 596 3751 άπειρον
619 3672 679 3733 οὔτ’
706 3671 807 3754 ἀρχὴν
831 3673 901 3734 οὔτε
927 3672 1026 3753 μέσον
1055 3672 1126 3734 οὔτε
1154 3669 1295 3753 τελευτὴν
1327 3671 1398 3753 ἔχει,
1430 3670 1537 3752 itaque

263 3794 302 3835 nc
320 3772 465 3837 deorsum
484 3775 619 3857 quidem.
666 3775 868 3861 Quamquam
887 3778 919 3841 in
937 3775 1025 3841 libris
1036 3775 1205 3861 Chrysippi
1224 3797 1288 3840 non
1306 3774 1400 3841 modo
1418 3776 1538 3840 multae

262 3879 503 3947 inveniebantur
524 3887 761 3969 repugnantiae,
780 3884 951 3950 sedetiam
973 3889 1140 3968 postquam
1164 3904 1263 3948 vacuo
1291 3880 1415 3948 infinito
1438 3903 1538 3967 neque

263 3988 387 4053 initium
412 4011 511 4073 neque
534 3993 673 4057 modium
696 4014 796 4076 neque
820 3990 915 4056 finem
938 4012 1006 4057 esse
1034 3991 1153 4072 statuit,
1185 3989 1337 4055 mundum
1370 3991 1404 4054 in
1435 3990 1539 4056 medio

263 4112 476 4129 ——u-

355 4169 377 4236 ¹)
398 4169 432 4224 cl.
451 4169 509 4224 Cic.
528 4170 562 4224 do
580 4176 635 4226 nat.
655 4171 729 4225 deor.
749 4170 789 4239 lI,
817 4174 991 4238 tt,115sq.
1019 4201 1053 4210 -
1081 4168 1144 4224 Hac
1166 4168 1195 4222 in
1219 4168 1376 4236 quaestione
1399 4168 1541 4223 tractanda

265 4255 372 4308 sempor
388 4243 536 4296 tenendum
555 4251 603 4312 cst,
623 4243 697 4312 quod
716 4243 819 4312 optime
838 4242 948 4297 disserit
964 4241 1061 4308 Zoller,
1079 4240 1126 4294 l.1.
1144 4239 1200 4309 III,
1223 4239 1258 4308 1³,
1279 4245 1330 4295 184
1342 4240 1430 4294 udnb.
1471 4239 1540 4308 „Die

265 4311 398 4381 Meiuung
416 4314 488 4366 kann
508 4314 592 4369 daher
610 4334 660 4368 nur
679 4315 723 4368 dio
742 4315 807 4382 sein,
836 4315 899 4368 dass
926 4311 1104 4367 innerhulb
1128 4311 1184 4365 des
1208 4311 1272 4365 alle
1295 4311 1468 4366 Elementa
1487 4330 1539 4366 zu-

266 4385 594 4440 sammcnhaiteudcn
613 4387 744 4441 Bandce
758 4387 835 4456 jener
843 4385 1026 4440 Untcrechied
1044 4384 1094 4439 der
1106 4382 1275 4437 nctdrlicheu
1287 4382 1447 4454 Bcwegung
1465 4390 1540 4437 stutt-

265 4454 347 4524 finde,
359 4457 416 4509 und
430 4458 750 4513 cekanniueolornauch
769 4458 857 4511 allon
875 4457 1031 4526 Korperu
1050 4455 1123 4509 cine
1141 4454 1332 4508 natfirliche
1350 4455 1541 4525 Beweguug

266 4529 348 4580 nach
368 4528 426 4581 der
444 4528 542 4583 Mitte
561 4571 567 4584 .
588 4571 594 4583 .
614 4572 620 4583 .
640 4530 851 4597 zugoeelniehen
869 4528 1004 4584 werden.“

267 4693 319 4752 207
345 4619 445 4750 ῑέἧῖθίσ
465 4620 582 4674 coniecit
600 4621 712 4690 Usener,
731 4619 869 4690 Epicurea
891 4618 982 4690 (Lips.
1004 4617 1093 4686 1887),
1121 4634 1148 4688 p.
1168 4619 1229 4688 21³,
1256 4619 1269 4668 1
1299 4615 1335 4685 (n.
1355 4617 1426 4686 299),
1454 4615 1489 4669 cl.
1513 4634 1540 4672 n.

330 4711 345 4752 θ
429 4734 435 4751 ·
