3632 5144
792 349 991 410 ..9-

248 545 363 615 δώνιος
381 545 414 608 ἒν
431 553 479 627 τῷ
496 541 657 628 ἑβόόμῳῑ)
678 542 749 626 περὶ
771 544 943 626 μειεώρων
961 543 1015 607 καὶ
1033 545 1162 626 μείζονα
1181 550 1235 628 τῆς
1255 551 1313 628 γῆς
1332 545 1378 616 ὡς
1397 545 1415 609 ὁ
1438 545 1532 618 αὐτὸς

248 652 281 715 ἐν
303 660 350 735 τῷ
372 653 454 734 ἕκτῳ
477 657 533 715 τοῦ
556 656 694 733 φυσικοῦ
713 650 820 732 λόγου,
844 654 876 712 et
893 650 1038 733 proxima
1055 649 1256 734 paragrapho
1275 653 1364 736 (145)
1382 649 1531 716 Laertius

247 755 346 823 tradit
376 756 583 822 Posidonium
616 755 655 821 de
687 755 765 820 luna
797 756 897 840 egisse
930 757 963 820 ἐν
994 766 1042 840 τῷ
1069 759 1151 840 ἕκτῳ
1179 765 1234 822 τοῦ
1263 764 1401 842 φυσικοῦ
1425 758 1531 842 λόγου.

247 863 437 930 Posidonius
460 869 567 929 antem
590 862 652 928 illis
676 863 763 945 locis,
785 862 840 927 ubi
863 863 902 928 de
926 862 991 928 sole
1015 870 1047 929 et
1064 861 1142 929 luna
1159 865 1233 948 egit,
1255 865 1352 929 etiam
1371 864 1410 929 de
1429 864 1530 930 stellis

247 970 426 1036 errantibus
460 976 493 1036 et
523 969 595 1036 lixis
628 971 729 1054 egisse
761 969 839 1035 mihi
864 969 1004 1036 ridetur.
1049 969 1199 1036 Fortasse
1232 972 1321 1036 iuvat
1350 993 1408 1037 nos
1436 973 1533 1037 etiam

249 1077 354 1144 [raon.
377 1075 457 1160 VH,
484 1079 559 1144 140:
606 1079 688 1162 πρὸς
721 1077 781 1161 γὰρ
813 1078 869 1162 τὴν
901 1078 1021 1162 κίνησιν
1053 1078 1293 1162 ἁρμοδιώτατον
1324 1079 1360 1143 τὸ
1392 1085 1533 1146 τοιοῦτον

247 1190 301 1270 (so.
310 1185 346 1251 τὸ
356 1186 574 1271 σφαιροειδές),
598 1186 687 1250 καθά
706 1208 784 1269 φησι
803 1184 1020 1256 Ποσειδώνιος
1038 1185 1071 1250 ἐν
1089 1195 1136 1269 τῷ
1157 1187 1292 1270 πέμπτῳ
1316 1193 1370 1251 τοῦ
1394 1194 1533 1270 φυσικοῦ

251 1295 357 1378 λόγου.
403 1291 469 1358 Ubi
501 1293 585 1356 enim
619 1291 658 1356 dc
690 1292 846 1358 rotatione
878 1289 989 1356 mundi
1022 1291 1211 1376 disputetur,
1244 1294 1341 1357 etiam
1372 1293 1411 1358 de
1435 1293 1535 1359 stellis

252 1400 364 1466 disseri
396 1401 462 1466 veri
494 1405 543 1464 est
574 1397 684 1464 simile.
731 1396 945 1464 Statuendum
973 1399 1071 1482 igitur
1097 1404 1146 1464 est
1168 1421 1194 1464 c.
1217 1401 1346 1465 tertium
1373 1408 1407 1466 et
1432 1422 1534 1486 paene

253 1512 355 1574 totum
378 1528 403 1572 c
428 1512 576 1591 quartum
599 1510 710 1590 (usque
734 1505 776 1570 ad
798 1528 828 1589 p.
853 1506 940 1587 36‚5)
969 1527 1114 1570 manasse
1138 1506 1187 1570 vel
1211 1527 1250 1571 ex
1272 1507 1435 1573 Posidonii
1463 1510 1535 1593 περὶ

252 1617 424 1699 μετεώρων
447 1613 527 1678 libro
550 1612 600 1678 vel
624 1634 663 1678 ex
685 1612 775 1694 libro,
799 1613 850 1677 cui
872 1612 983 1677 titulus
1007 1618 1055 1678 est
1077 1615 1213 1698 φυσικὸς
1235 1615 1337 1698 λόγος.

344 1719 436 1806 Quae
458 1744 489 1805 p.
514 1722 674 1798 sos-21
697 1720 908 1801 inveniuntur,
932 1742 953 1784 a
971 1719 1141 1787 Cleomede
1161 1743 1199 1784 ex
1218 1743 1274 1786 suo
1291 1722 1417 1806 ingenio
1437 1721 1533 1788 incul-

254 1834 327 1895 cata
350 1849 418 1893 esse
442 1826 576 1893 Martini
600 1833 715 1892 censet

344 1935 485 2000 Transeo
518 1933 560 1999 ad
592 1935 916 2015 „commentationem
948 1956 1029 2017 qnae
1062 1940 1130 1998 erat
1162 1935 1201 1999 de
1235 1937 1310 2000 anni
1342 1936 1535 2020 temporibus

255 2043 355 2127 deque
388 2043 564 2107 secretione
597 2047 630 2106 et
661 2041 839 2106 decretione
874 2041 994 2106 dierum
1027 2043 1256 2125 noctiumque.“
1311 2043 1383 2108 Etsi
1415 2049 1535 2109 certum

254 2150 469 2216 testimoninm
501 2171 565 2214 non
593 2148 756 2229 habemns,
789 2170 870 2229 enm,
903 2149 957 2231 qui
979 2148 1063 2215 hanc
1087 2147 1267 2214 Cleomedei
1291 2149 1388 2215 libelli
1412 2157 1535 2234 partem

255 2255 427 2322 Posidonio
451 2255 558 2321 deberi
582 2262 697 2337 censet
721 2277 783 2320 non
808 2254 953 2320 dubitare
972 2255 1065 2321 credo
1085 2277 1156 2320 eam
1175 2256 1346 2322 attribuere
1366 2259 1450 2341 operi
1471 2259 1535 2322 iarn

255 2365 361 2445 citato,
395 2363 481 2447 quod
507 2365 579 2448 περὶ
605 2366 778 2448 μετεώρων
801 2370 1028 2449 composuerat
1076 2361 1199 2429 Seneca
1230 2365 1323 2445 enirn,
1355 2386 1448 2447 quem
1480 2386 1536 2449 per

256 2469 519 2556 Asclepiodotum
542 2470 644 2534 multa
666 2492 836 2555 usurpasse
859 2492 880 2535 a
902 2470 1074 2536 Posidonio
1098 2476 1231 2551 constat,
1261 2471 1340 2538 haec
1371 2471 1448 2536 dicit
1470 2477 1535 2540 nat

256 2602 306 2663 qu.
325 2578 372 2660 ΙΙ,
395 2582 421 2659 l,
444 2581 474 2644 1:
511 2576 644 2660 „Omnis
661 2578 700 2642 de
716 2579 861 2643 universo
871 2580 1013 2661 quaestio
1023 2578 1057 2642 in
1067 2578 1224 2659 caelestia,
1241 2577 1397 2660 sublimia,
1411 2584 1536 2644 terrena

257 2685 415 2751 dividitur.
452 2684 563 2750 Prima
580 2707 655 2769 pars
673 2686 704 2768 (i.
722 2706 748 2749 e.
766 2687 838 2770 cept
854 2686 1038 2769 μετεώρων)
1056 2692 1203 2750 naturam
1222 2684 1359 2750 siderum
1378 2692 1537 2752 scrutatur

256 2798 289 2858 et
312 2840 444 2858 .....
476 2814 570 2876 quem
602 2792 645 2857 ad
676 2791 805 2857 modum
839 2793 915 2857 anni
947 2793 1031 2858 vices
1063 2796 1183 2857 servet“
1215 2792 1293 2877 (scil.
1320 2793 1379 2875 sol)
1411 2799 1470 2859 etc.
1497 2792 1535 2859 cf.

256 2899 399 2981 Martini,
424 2897 568 2984 Quaestt
591 2899 664 2965 Pes.
689 2902 762 2981 355,
787 2903 849 2965 357
875 2922 920 2984 sq.

345 3024 434 3090 Huic
456 3026 713 3091 commentationi
742 3027 784 3109 (p.
808 3027 1059 3108 soar-7032)
1082 3024 1216 3089 Martini
1245 3031 1339 3110 putat
1368 3025 1536 3093 nonnullos

257 3131 342 3198 locos
360 3155 382 3198 a
401 3131 570 3200 Oleomsde
589 3154 657 3197 esse
673 3132 856 3210 inculcatus,
879 3133 1033 3216 imprimis
1051 3155 1081 3217 p.
1101 3134 1337 3214 sont—6222
1358 3132 1397 3197 Ζ.
1444 3131 1536 3218 Quae

257 3245 364 3306 autem
396 3245 595 3324 exponuntur
619 3241 857 3321 56‚2s-58,24
885 3245 918 3304 et
948 3241 1119 3320 sas-22,
1142 3261 1182 3304 ea
1203 3240 1356 3323 originem
1379 3239 1537 3306 duceres

257 3346 429 3413 Posidonio
452 3347 653 3412 manifestum
677 3353 738 3428 cst3
770 3367 871 3431 neque
894 3368 968 3412 vero
991 3345 1125 3412 Martini
1148 3346 1248 3412 credit
1270 3368 1309 3412 ea
1331 3346 1447 3412 hausta
1468 3368 1537 3413 esse

257 3476 296 3520 ex
318 3453 430 3519 eadem
453 3454 511 3536 „de
534 3455 727 3540 temporibus
751 3455 826 3519 anni
850 3454 951 3538 deque
971 3455 1147 3520 accretione
1167 3459 1200 3518 et
1218 3454 1395 3520 decretione
1415 3454 1536 3520 dierum

256 3562 457 3645 noctiumque
481 3561 720 3646 disputatione“‚
744 3561 800 3626 sed
824 3561 951 3627 aliunde
971 3583 991 3626 a
1011 3560 1180 3628 Oleomede
1204 3562 1398 3645 interposita
1445 3559 1536 3646 Quae

256 3691 318 3753 qno
342 3690 382 3735 ex
404 3668 485 3734 libro
508 3668 673 3736 Posidonii
694 3668 851 3751 fluxerint,
875 3670 978 3735 elucet
1001 3667 1158 3736 Strabone
1181 3675 1373 3753 comparato.
1420 3667 1536 3735 Strabo

256 3776 341 3845 enim
364 3775 422 3861 (Π,
446 3775 482 3844 O.
507 3779 550 3841 94
573 3779 630 3861 sq.)
651 3778 728 3842 item
750 3782 861 3844 narrat
882 3776 1088 3842 Posidonium
1112 3797 1225 3840 zonam
1256 3776 1408 3841 torridam
1431 3777 1536 3842 existi·

256 3884 392 3950 marisse
415 3883 631 3966 habitabilem,
655 3890 749 3969 atquc
773 3884 884 3951 eodem
906 3884 1001 3950 modo
1020 3905 1058 3949 ac
1077 3882 1280 3950 Oleomedem
1299 3883 1478 3968 disputasse
1497 3882 1537 3949 de

256 3991 406 4076 perisciis,
429 3991 621 4074 hoteroscfin,
644 3991 826 4077 amphisciis
849 3990 978 4076 (Strabo
1001 3990 1040 4056 Π
1055 3989 1091 4058 Ο.
1105 3993 1146 4056 95
1157 4012 1211 4075 οφ,
1233 3994 1294 4056 135
1305 3993 1371 4074 οφ).
1414 3988 1537 4056 Notum

257 4103 365 4164 autem
387 4104 436 4164 est
459 4097 652 4166 Strabonem
675 4101 708 4164 in
731 4099 811 4166 libro
835 4099 972 4166 secundo
996 4097 1164 4183 diligenter
1186 4119 1355 4182 usurpasse
1374 4096 1537 4164 Posidonii

255 4205 328 4294 περὶ
345 4207 492 4272 ὠκεανοῦ
511 4207 736 4292 scripturam.²)
781 4207 896 4291 Itaque
915 4206 1046 4272 dubium
1064 4228 1128 4271 non
1143 4212 1200 4287 est
1219 4206 1296 4289 quin
1305 4227 1434 4290 eaquae
1445 4204 1537 4272 (ileo-

256 4310 365 4380 medes
385 4335 417 4398 p.
441 4316 680 4398 eoas-5834
703 4321 736 4381 et
759 4317 921 4398 sas-22
946 4312 1081 4394 exhibet,
1101 4312 1143 4380 ad
1165 4313 1255 4378 illum
1277 4313 1342 4380 sint
1362 4312 1537 4410 referenda.

346 4511 369 4579 ¹)
387 4509 435 4566 Sic
452 4510 574 4582 optimus
592 4509 694 4581 codex;
713 4515 776 4566 cett
790 4493 837 4570 ιζ’,
856 4510 891 4566 cf.
910 4508 1031 4580 Martini,
1050 4509 1172 4579 Quaertt
1189 4507 1284 4564 Posid.
1301 4527 1329 4580 p.
1347 4512 1409 4564 357.

345 4599 368 4670 ¹)
387 4600 422 4656 cl.
441 4600 487 4656 nr.
507 4599 681 4668 Schnehlein,
708 4599 955 4670 Untersuchungen
981 4599 1049 4654 tiber
1076 4599 1125 4653 des
1147 4597 1313 4654 Posidonius
1341 4595 1445 4654 Sehrm
1465 4584 1537 4666 7¹te

256 4673 402 4740 ὠκεανοῦ
427 4689 573 4762 (goopbys.
592 4688 673 4759 Tell),
692 4689 818 4761 Freising
839 4693 917 4760 1901,
935 4707 964 4759 p.
984 4689 1064 4760 16117
1084 4694 1113 4744 et
1129 4691 1163 4742 25
1182 4705 1242 4758 sqq.
