3632 5144
828 327 1048 393 ..16..

387 525 470 590 Tum
494 526 597 611 pergit
620 527 668 589 vir
690 524 801 590 doctus
824 522 973 588 Mueller:
1002 522 1178 606 „Equidem
1201 529 1310 608 putem
1331 530 1477 589 auctores
1499 523 1578 606 illos,

298 634 353 717 qui
371 631 572 698 tradiderunt
589 633 736 697 statuisse
747 631 951 696 Posidonium
962 651 1098 695 vacnum
1108 628 1233 695 finitum
1252 651 1329 712 esse,
1349 629 1578 715 quodquidam

294 737 499 824 conflagratio
518 739 627 804 mnndi
646 738 826 822 postularet
845 737 942 820 (Plut.
961 736 1048 801 Plac.
1067 735 1143 821 phil.
1163 736 1210 818 Π,
1230 740 1248 802 9
1269 786 1276 801 .
1295 786 1303 801 .
1322 787 1329 802 .
1350 789 1356 802 .
1376 738 1404 819 .),
1426 738 1579 802 erravisse

293 846 377 912 male
407 846 567 912 intellecto
600 845 656 911 tali
695 844 857 911 Posidonii
889 843 992 925 effato,
1026 844 1119 927 quale
1145 843 1331 910 Cleomedes
1354 845 1421 928 ipse
1444 835 1579 928 profert“

295 957 335 1038 (p.
356 955 541 1036 all-15).
588 950 697 1036 Quid?
720 957 757 1017 ut
780 951 973 1017 demonstret
994 950 1055 1016 hoc
1080 949 1259 1016 Oleomedis
1282 957 1380 1035 caput
1402 952 1579 1017 manarisse

295 1081 334 1126 ex
353 1059 516 1125 Posidonii
535 1061 669 1144 scriptia,
692 1059 796 1124 locum
816 1057 907 1123 affert
927 1056 1106 1124 Cleomedis
1125 1079 1163 1121 ex
1182 1057 1241 1124 hcc
1260 1059 1328 1142 ipso
1348 1058 1451 1142 capite
1471 1080 1576 1142 sump-

296 1173 365 1233 tum
388 1171 483 1251 atque
506 1168 614 1232 statim
638 1166 810 1232 Posidonio
834 1161 1044 1230 attributum?
1088 1162 1188 1230 Nullo
1215 1165 1299 1230 enim
1322 1165 1416 1230 verbo
1441 1165 1579 1256 exponit,

294 1273 378 1372 ,tale
398 1272 528 1339 effatum
547 1273 640 1358 quale
651 1272 838 1340 Oleomedes
856 1273 922 1356 ipse
941 1271 1077 1356 profert‘
1095 1293 1129 1336 rs
1147 1292 1223 1336 vera
1241 1293 1308 1337 esse
1320 1271 1579 1337 Posidonianum.

297 1381 334 1448 Si
344 1382 545 1464 sententiam,
557 1403 653 1464 quam
661 1380 775 1446 habuit
783 1377 989 1464 philosophus
999 1377 1144 1444 Rhodius
1154 1378 1193 1444 de
1204 1378 1314 1444 mundi
1322 1377 1577 1464 conflagratione,

296 1488 398 1554 voluit
415 1487 535 1566 affene,
552 1486 627 1553 'fieri
645 1491 709 1552 non
727 1488 839 1571 potnit,
863 1487 939 1570 quin
959 1485 1061 1552 adiret
1080 1485 1177 1552 alium
1196 1485 1388 1570 scriptorem,
1412 1484 1577 1553 nonOleo·

296 1595 429 1676 medem,
448 1616 542 1678 quem
561 1593 781 1661 sxPosidonio
800 1593 944 1660 hausisse
961 1593 1096 1677 probare
1114 1591 1241 1659 demum
1260 1592 1375 1658 studet
1421 1590 1506 1658 Tota
1522 1591 1579 1657 illa

298 1701 447 1768 Muelleri
470 1702 703 1786 argumentatio
727 1702 761 1766 iu
784 1701 901 1767 circulo
924 1706 1075 1765 versatur.
1122 1697 1218 1784 Quod
1247 1699 1331 1764 enim
1362 1699 1578 1765 demonstrare

293 1809 373 1891 sirit,
392 1810 545 1875 coutitur
563 1814 759 1894 argumento.
804 1809 918 1892 Itaque
936 1807 997 1872 hoc
1013 1806 1162 1872 Muelleri
1179 1812 1401 1892 argumentum
1420 1805 1465 1871 nil
1483 1805 1578 1871 valet.

388 1933 696 2001 Oaretauctoritate
720 1932 881 2015 etiamid,
911 1932 995 2016 quod
1027 1931 1129 1997 addit:
1175 1929 1302 2015 „Atque
1325 1931 1462 2017 primum
1486 1929 1577 1997 Oloo-

297 2042 398 2107 medis
421 2042 653 2132 argumentatio
680 2040 842 2125 praeclare
870 2041 1031 2124 conspirat
1058 2060 1129 2104 cum
1152 2037 1258 2104 Luert
1282 2038 1377 2122 Diog.
1400 2037 1480 2119 VII,
1505 2039 1578 2118 140,

298 2139 388 2214 cuius
410 2149 494 2213 inter
515 2153 660 2214 auctores
682 2146 873 2214 Posidonius
896 2168 1019 2231 quoque
1043 2147 1167 2212 citatur.
1214 2143 1320 2229 Quem
1344 2146 1371 2210 si
1394 2143 1486 2210 aliter
1506 2146 1578 2228 περὶ

299 2263 393 2322 κενοῦ
418 2255 590 2321 iudicasset
611 2260 706 2339 atque
730 2255 826 2320 ceteri
849 2253 958 2336 Stoici,
980 2253 1160 2337 Diogenem
1188 2253 1359 2338 separatim
1380 2251 1477 2318 fuisse
1499 2251 1577 2318 alla·

299 2368 412 2429 turum‘
437 2361 514 2427 mihi
545 2362 610 2428 veri
638 2361 833 2428 simillimum
859 2361 1010 2427 videtur.“
1055 2359 1149 2426 Haec
1171 2367 1220 2426 est
1241 2361 1370 2445 propria
1391 2358 1578 2444 privataque

299 2469 447 2537 Muelleri
470 2469 636 2552 sententia,
660 2491 755 2553 quam
777 2469 874 2536 nullis
896 2467 987 2535 fulcit
1009 2468 1211 2552 argumentis
1257 2464 1307 2532 At
1325 2488 1383 2552 ego
1401 2487 1466 2533 non
1483 2464 1578 2532 modo

170 2609 172 2613 ·
297 2576 373 2643 huic
395 2598 520 2663 oppono
542 2569 622 2643 illud
644 2574 735 2643 Astii
756 2577 909 2662 placitum
932 2597 1029 2660 supra
1050 2579 1092 2660 (p.
1118 2577 1171 2659 15)
1193 2574 1370 2656 laudatum,
1400 2572 1457 2640 sed
1479 2574 1578 2640 etiarn

298 2685 544 2752 actionem‘esse
566 2683 748 2750 habendam
771 2705 883 2751 moneo
902 2683 1017 2750 indolis
1034 2682 1106 2748 libri
1125 2681 1298 2764 Laertiaui,
1321 2681 1411 2747 cuius
1429 2701 1492 2747 non
1510 2685 1578 2746 tam

299 2797 349 2858 est
380 2791 522 2877 singulas
554 2791 813 2877 philosophorum
843 2789 1023 2859 Stoicorum
1055 2789 1215 2857 doctrinas
1241 2788 1387 2873 persequi
1413 2785 1578 2871 usquead

300 2893 451 2966 minimas
471 2899 673 2982 differentias,
705 2921 801 2984 quam
831 2901 865 2964 in
892 2900 1072 2963 universum
1096 2917 1259 2982 exponere,
1291 2894 1369 2980 quid
1391 2913 1516 2978 quaque
1538 2893 1578 2960 de

300 3029 334 3072 re
357 3007 515 3072 censuerit
536 3006 645 3072 schola
668 3005 785 3073 Stoica.
831 3006 905 3072 Hoc
932 3006 1029 3072 etiam
1051 3016 1158 3070 nostro
1179 3004 1249 3069 loco
1272 3003 1348 3068 facit
1371 3001 1521 3085 additque
1544 3001 1577 3065 in

300 3112 363 3179 fine
386 3113 577 3198 simpliciter,
600 3114 714 3197 quibus
736 3115 768 3178 in
792 3114 988 3197 singulorum
1005 3110 1263 3196 philosophorum
1286 3109 1375 3174 libris
1396 3107 1459 3173 hae
1482 3108 1521 3173 de
1543 3129 1577 3172 re

302 3225 423 3305 agatur.
472 3219 544 3304 Quo
567 3243 607 3286 ex
630 3222 847 3286 additamento
870 3221 998 3285 minime
1022 3224 1070 3284 est
1097 3217 1347 3283 concludendum
1373 3214 1578 3300 philosophos

302 3334 561 3395 commemoratos
591 3328 702 3394 eadem
731 3330 778 3393 uti
808 3328 973 3393 sententia.
1018 3325 1109 3390 Dicit
1131 3325 1214 3390 euim
1238 3345 1396 3408 expresse:
1442 3324 1520 3408 φησὶ
1543 3323 1578 3386 a

300 3437 372 3520 περὶ
393 3443 449 3500 τοῦ
472 3443 566 3502 κενοῦ
590 3436 779 3519 Χρύσιππος
801 3436 863 3500 κτλ.
911 3432 947 3501 si
971 3453 1157 3499 consensum
1179 3430 1437 3516 philosophorum
1453 3429 1578 3495 illorum

301 3542 442 3608 indicare
472 3542 630 3624 voluisset,
660 3548 745 3608 certo
776 3541 839 3607 tale
869 3541 946 3625 quid
976 3540 1114 3616 dixisset,
1144 3538 1237 3622 quale
1261 3537 1340 3618 VII,
1366 3541 1442 3617 1343
1477 3539 1579 3620 τίθησι

298 3651 338 3715 ’δὲ
359 3650 395 3715 τὸ
419 3650 523 3734 eoppa
546 3657 638 3715 τοῦτο
662 3651 778 3734 Ζήνων
801 3651 872 3724 art,
903 3648 953 3713 vel
975 3646 1180 3712 'adhibuisset
1202 3646 1354 3710 usitatum
1377 3666 1469 3710 suum
1491 3644 1579 3709 καθά

303 3783 389 3842 φησι,
419 3756 505 3841 quod
535 3757 703 3822 sescenties
727 3755 813 3841 apud
836 3777 907 3821 eum
931 3755 1074 3821 occurrit.
1120 3751 1238 3818 Nostro
1260 3752 1330 3817 loco
1354 3773 1416 3816 non
1439 3755 1582 3816 recenset

303 3861 506 3946 differentias,
524 3885 605 3947 quae
623 3865 706 3929 iuter
724 3864 864 3948 singulos
883 3861 1091 3928 intercedunt
1138 3857 1192 3924 Ad
1211 3865 1324 3938 cetera,
1343 3879 1424 3940 quae
1444 3856 1582 3922 Mueller

304 3973 336 4038 in
359 3970 423 4038 fine
445 3993 595 4038 excursus
617 3971 743 4057 profert,
774 3972 838 4036 iam
863 3971 923 4035 erit
944 3966 1176 4048 recurrendum,
1209 3966 1262 4031 ubi
1286 3965 1346 4049 ipsi
1370 3964 1410 4029 de
1431 3963 1481 4029 his
1503 3963 1581 4030 locis

303 4100 499 4165 quaeremus.

392 4203 432 4270 B.
476 4202 573 4270 Nunc
595 4203 657 4288 ipsi
680 4185 867 4270 accedamus
891 4201 1017 4300 adhoc
1040 4202 1176 4286 primum
1205 4204 1301 4282 eaput
1323 4197 1358 4261 in
1379 4203 1486 4282 partes
1508 4169 1583 4263 suas

305 4310 548 4378 dissolvendum.

397 4435 424 4502 I.
469 4458 501 4522 p.
529 4440 679 4520 2‚7-4,6
711 4435 749 4502 Z.
795 4436 843 4502 Ut
870 4435 1041 4502 Posidonio
1073 4433 1198 4499 initium
1229 4437 1312 4496 certe
1344 4427 1438 4496 huius
1471 4430 1584 4515 capitis

303 4544 433 4634 tribuat,
459 4543 552 4611 facile
582 4545 652 4629 quis
682 4565 719 4611 eo
742 4544 859 4610 adduci
878 4549 991 4628 potest,
1022 4540 1108 4628 quod
1130 4541 1222 4607 initio
1245 4539 1358 4625 capitis
1381 4541 1444 4624 (2,9
1470 4537 1512 4617 Ζ)
1535 4539 1582 4604 in·

304 4653 429 4729 venitur
456 4652 569 4728 mundi
601 4651 752 4738 definitio,
784 4674 880 4740 quam
903 4651 1110 4720 Posidonium
1133 4646 1312 4718 exhibuisse
1335 4645 1460 4717 disertis
1482 4645 1585 4722 vorbis
