3618 5164
829 314 1046 379 .-62-

295 511 435 579 Bekkeri
453 512 590 578 editione
609 509 710 577 Marti
728 511 770 577 ad
789 510 1015 578 conficiendum
1041 533 1167 578 cursum
1190 533 1269 596 opus
1292 518 1347 578 est
1393 511 1467 578 Hoc
1489 513 1573 577 onim

293 621 363 687 loco
403 621 497 686 unico
538 619 673 684 eundem
711 641 876 684 numerum
911 619 1087 684 invenimus
1119 641 1211 702 quem
1244 618 1330 703 apud
1363 618 1574 686 Cleomedom.

296 727 413 794 (lenset
434 733 566 811 uterque
589 726 712 792 duobus
736 727 828 791 annis
855 726 1020 810 quinque
1048 726 1208 791 mensibus
1231 724 1371 791 Martem
1393 748 1574 811 percurrere

294 835 455 916 circulum,
496 835 603 918 itaque
635 833 842 900 Posidonium
874 856 938 898 non
971 849 1158 917 sequuntur,
1192 835 1281 899 cuius
1312 855 1387 899 vera
1418 835 1575 899 sententia

294 948 437 1008 servatur
458 965 479 1007 a
503 941 655 1008 Cicerone
678 941 697 1005 l.
722 940 742 1006 l.
766 947 798 1006 01
821 940 950 1006 Theone
973 941 994 1006 1.
1012 941 1032 1006 l.
1078 941 1126 1006 Ut
1145 940 1324 1007 Cleomedis
1342 948 1503 1008 auctorem
1525 941 1575 1006 hia

295 1050 328 1114 in
351 1049 445 1115 rebus
468 1071 537 1115 esse
560 1048 767 1114 Posidonium
791 1070 913 1132 negem,
944 1069 981 1113 eo
1003 1049 1106 1131 magis
1129 1048 1278 1131 adducor,
1310 1049 1396 1134 quod
1418 1049 1458 1114 de
1480 1048 1575 1114 lunae

295 1178 418 1240 qnoque
438 1157 571 1222 circuitu
590 1155 748 1240 singulare
767 1155 845 1238 quid
862 1154 962 1220 tradit
979 1177 1009 1240 p.
1027 1158 1123 1237 32‚15
1143 1157 1219 1221 ἑπτὰ
1238 1157 1291 1220 καὶ
1309 1159 1425 1229 εἴκοσιν
1444 1159 1576 1240 ἡμέραις

295 1264 350 1330 καὶ
373 1266 484 1349 ἡμίσει,
508 1262 545 1328 01.
571 1266 686 1346 148,15
711 1268 744 1328 01
766 1265 881 1344 180,16
902 1262 941 1327 Ζ.
966 1301 1008 1310 -
1031 1262 1119 1346 Ergo
1142 1264 1239 1328 etiam
1261 1262 1321 1328 hoc
1344 1263 1413 1328 loco
1433 1262 1576 1329 Cleome-

296 1371 368 1436 dem
399 1392 458 1456 pro
490 1371 629 1436 numeris
662 1376 808 1436 accurate
841 1370 1031 1454 computatis
1063 1369 1253 1436 substituere
1280 1371 1385 1436 minus
1412 1376 1576 1436 accuratos

298 1479 510 1563 cognovimus.

384 1607 414 1689 β.
461 1603 675 1669 Transeamus
698 1602 740 1668 ad
762 1601 876 1684 locum,
904 1624 967 1686 quo
990 1609 1096 1668 utrum
1118 1610 1203 1669 recte
1227 1603 1367 1688 disputet
1391 1602 1576 1670 Cleomedes

296 1732 404 1793 necne,
437 1711 590 1795 suspicari
621 1710 715 1777 modo
744 1710 826 1776 licet
873 1709 987 1794 Capite
1011 1712 1095 1775 enim
1118 1711 1248 1776 alterius
1270 1710 1343 1776 libri
1366 1710 1501 1795 septimo
1524 1732 1576 1775 ex·

295 1819 432 1903 ponitur,
465 1823 620 1902 quantum
652 1839 795 1902 quaeque
827 1816 919 1883 010110
951 1839 1059 1883 errans
1091 1840 1111 1884 a
1142 1818 1246 1884 medio
1284 1816 1424 1902 signiferi
1461 1818 1577 1884 circulo

298 1924 448 2006 discedat,
471 1925 644 2009 eademque
668 1925 709 1990 do
729 1947 764 1990 re
787 1930 888 2009 egunt
910 1924 999 1991 Theo
1024 1923 1148 2011 Smym.
1174 1929 1378 2008 lesda-17
1405 1929 1449 2008 (et
1468 1924 1577 1992 Chalc.

299 2055 325 2098 c.
350 2035 391 2099 69
415 2031 512 2114 Mull)
535 2038 568 2098 01
590 2032 673 2098 Plin.
696 2056 726 2098 n.
745 2032 776 2098 h.
802 2031 847 2114 ΙΙ,
871 2035 890 2115 5
915 2036 955 2098 66
980 2055 1025 2117 sq.
1045 2031 1099 2116 (cf.
1119 2032 1277 2120 Tarmery,
1299 2032 1382 2098 rech.
1406 2055 1460 2098 sur
1481 2032 1579 2124 l'hint⁸

299 2140 338 2206 de
361 2138 460 2206 l’astr.
482 2161 551 2206 auc.
574 2163 604 2226 p.
630 2142 693 2207 174
717 2147 782 2224 sep).
830 2139 1058 2224 Comparemus
1080 2140 1181 2206 locos:

402 2265 523 2333 Oleom.
546 2267 650 2347 226,9.
786 2263 875 2330 Theo
899 2263 966 2331 Sm.
991 2267 1116 2347 135‚12.
1220 2264 1304 2333 Plin.
1326 2266 1364 2331 Π
1389 2267 1408 2350 ἕ
1432 2267 1473 2332 66
1498 2288 1542 2351 sq.

740 2375 843 2458 ἥλιος
868 2370 904 2437 10
926 2373 1080 2455 omuiu0¹)
1177 2371 1243 2441 Sol
1387 2371 1425 2439 2⁰
1446 2375 1574 2439 omuino

908 2498 933 2674 }
945 2532 1003 2600 120
1012 2535 1139 2600 omnino

297 2483 430 2566 σελήνη
446 2481 695 2546 0110011110ον
741 2479 906 2565 σελήνηο)
1175 2479 1283 2546 Luna
1367 2479 1425 2546 120
1446 2481 1574 2546 omnino

291 2590 441 2673 Ἂφρσό.
466 2585 502 2652 50
524 2594 656 2671 utroque
735 2588 884 2672 Ἄφροὸ.
1174 2586 1305 2657 Venus
1368 2586 1425 2654 160
1447 2589 1574 2654 omnino

291 2696 390 2780 Ἑρμ.
414 2692 452 2759 40
473 2700 605 2777 utroque
736 2694 834 2779 Ἑρμ.
859 2692 1045 2761 8000101100
1175 2694 1335 2761 Merour.
1388 2693 1574 2762 8000010100

288 2799 534 2978 1000110010
561 2861 694 2940 utroque
733 2803 873 2986 ’000011
898 2853 934 2918 5⁰
956 2858 1083 2923 omnino
1175 2801 1280 2868 000Υο
1387 2801 1425 2868 4⁰
1447 2803 1575 2869 0000000

295 2909 388 2981 Ζεὺς
504 2905 517 2944 0
740 2909 834 2981 Ζεὺς
1175 2910 1288 2994 Jupp.
1388 2907 1574 2976 3⁰01nnin0

295 3018 444 3101 Κρόνος
469 3013 504 3081 10
525 3022 657 3100 utroque
739 3017 890 3101 Κρόνος
913 3015 950 3081 30
972 3017 1099 3083 omnino
1177 3016 1327 3084 Saturn.
1388 3015 1425 3083 20
1446 3019 1574 3083 omuino

384 3140 456 3207 Hos
479 3141 565 3207 locos
588 3140 693 3225 aliquo
716 3141 810 3208 modo
833 3142 916 3208 inter
933 3164 966 3207 se
989 3141 1156 3208 cohaerere
1174 3141 1376 3208 manifestum
1394 3147 1450 3224 est,
1473 3163 1575 3227 nequo

297 3270 370 3314 vero
393 3250 486 3314 certis
510 3249 705 3332 argumentis
727 3250 798 3332 quis
821 3251 863 3314 sit
885 3257 996 3316 auctor
1019 3256 1076 3316 aut
1098 3272 1160 3334 quo
1179 3251 1276 3316 trium
1293 3250 1434 3316 locorum
1449 3271 1574 3315 serven·

295 3362 348 3422 tur
370 3357 545 3422 communis
568 3357 705 3421 auctoris
728 3377 820 3422 verae
844 3360 1019 3422 sententiae
1043 3357 1216 3423 diiudicare
1243 3379 1418 3442 possumus.
1464 3357 1575 3440 Digna

295 3485 391 3548 quam
420 3469 566 3530 notemus
596 3468 644 3528 001
672 3464 768 3528 000100
792 3463 955 3529 stellarum
978 3465 1116 3549 quinque
1140 3463 1347 3548 errantium³t
1392 3463 1479 3530 Nam
1502 3486 1574 3531 cum

294 3571 397 3637 100000
420 3592 483 3636 non
506 3571 671 3654 possimus,
695 3572 771 3654 quin
794 3593 856 3655 quo
880 3573 1032 3656 cuiusque
1051 3572 1161 3638 stellae
1180 3573 1282 3638 maior
1299 3574 1341 3638 sit
1358 3573 1514 3656 evagatio,
1536 3593 1574 3637 00

295 3679 474 3763 propiorem
497 3699 568 3742 eam
591 3699 659 3743 esse
677 3683 780 3743 terrae
799 3678 849 3744 his
867 3679 968 3744 tribus
986 3701 1025 3744 ex
1042 3680 1120 3746 locis
1139 3679 1373 3762 concludamus,
1395 3679 1574 3746 Mercurius

297 3787 378 3851 inter
396 3783 555 3853 Venerem
579 3790 611 3850 et
628 3785 768 3850 Martem
786 3786 952 3870 ponendus
970 3793 1019 3852 est
1036 3788 1143 3871 itaque
1161 3787 1413 3854 Posidonianum
1431 3788 1573 3872 agnosci-

295 3914 366 3959 mus
388 3892 538 3958 ordinem.
583 3893 636 3958 De
658 3895 796 3958 numeris
819 3894 895 3978 ipsis
918 3894 963 3958 nil
986 3900 1134 3978 statuam,
1157 3896 1217 3960 nisi
1236 3894 1315 3961 10010
1334 3895 1484 3979 quoniam
1503 3883 1574 3960 01110

295 4000 372 4065 10010
398 3999 584 4067 Cleomedes
606 4000 722 4065 0010001
743 4022 890 4065 numeros
912 4001 1065 4084 turbatos,
1092 4024 1132 4067 ne
1159 4002 1212 4068 hic
1239 4001 1366 4086 quidem
1388 4024 1461 4068 eum
1484 4001 1572 4067 Posi·

296 4107 426 4172 donium
444 4128 512 4173 esse
531 4114 674 4173 secutum
692 4110 763 4192 quis
780 4114 881 4191 putat,
905 4109 990 4191 quod
1008 4111 1153 4194 equidem
1172 4132 1236 4175 non
1253 4132 1311 4194 pro
1328 4115 1413 4176 certo
1427 4108 1572 4175 habeam.

386 4287 406 4356 ¹)
426 4285 461 4341 01.
480 4285 558 4340 Theo
579 4289 669 4355 194‚7;
689 4284 771 4343 Mart.
791 4286 857 4356 Gap.
878 4285 965 4357 VHI,
984 4291 1036 4343 867
1055 4306 1084 4357 p.
1103 4291 1156 4342 322
1174 4287 1253 4358 Eyes.

385 4392 407 4461 ¹)
427 4393 461 4448 or.
480 4393 558 4448 Theo
579 4397 669 4453 1945:
692 4378 780 4461 ὁτῆς
799 4380 929 4462 σελήνης
946 4380 1064 4450 κύκλος
1082 4380 1129 4450 ὡς
1146 4380 1205 4463 μὲν
1218 4379 1422 4464 Ἵππαρχος
1439 4379 1573 4465 εὑρίσκει

297 4470 330 4534 ἐν
351 4468 456 4532 πλάτει
480 4468 570 4530 δέκα
592 4472 717 4552 μοιρῶν
738 4467 914 4542 λελόξωται,
938 4469 985 4539 ὡς
1008 4469 1037 4533 δ’
1059 4471 1089 4532 οἳ
1106 4470 1239 4535 πλεῖστοι
1256 4475 1321 4534 τῶν
1337 4471 1573 4554 μαθηματικῶν

296 4559 467 4644 νομίζουσι,
492 4557 650 4622 δώδεκα.

387 4662 408 4740 ⁸)
425 4662 498 4720 Solis
517 4667 544 4719 01
561 4661 648 4736 lunae,
668 4662 714 4734 qui
731 4662 834 4721 habent
852 4663 1032 4738 simpliciores
1050 4668 1157 4740 motus,¹
1168 4666 1239 4723 ratio
1257 4665 1372 4723 hicnon
1386 4665 1573 4723 esthabouda.
