3618 5164
768 314 989 386 461.-

237 518 293 585 se'd
327 525 457 604 propter
489 519 702 583 diversitatem
731 524 874 583 motuum
904 524 1092 601 separantur
1114 519 1191 584 luna
1213 525 1245 584 et
1267 520 1315 586 sol
1338 543 1359 585 a
1380 522 1518 605 quinque

234 627 333 692 stellis
356 649 389 691 re
413 649 488 691 vera
512 625 699 708 errantibus,
723 648 818 708 quam
852 625 1086 691 distinctionem
1110 629 1263 711 expressis
1286 628 1389 694 verbis
1408 651 1517 694 secun·

234 735 309 799 dum
342 732 521 798 Adrastum
555 734 742 799 nominatim
774 732 940 797 laudatum
971 733 1067 798 refert
1099 733 1188 799 Theo
1217 757 1248 819 p.
1278 738 1372 817 147st
1398 757 1442 819 sq.
1466 735 1516 816 H;

233 842 271 906 cf.
295 841 361 908 Oic.
384 842 404 906 l.
427 841 448 905 l.
471 843 490 924 ξ
516 844 572 905 51:
605 841 825 922 „admirabiles
857 846 962 905 motus
992 862 1100 905 earum
1130 843 1297 925 quinque
1321 843 1517 923 stellarum“;

235 948 354 1014 Cleom.
380 951 488 1030 ],82‚2;
506 951 630 1029 ‘ruent
658 947 704 1028 Z;
729 946 817 1012 Theo
844 951 952 1029 174,6;
977 945 1095 1013 thill.
1120 932 1515 1035 p.'42,14M(Aratusl;

233 1079 262 1140 p.
287 1059 382 1135 45‚19
407 1055 458 1136 M;
484 1059 556 1137 53,1
581 1054 628 1119 M.

323 1162 526 1238 Simillimam
549 1168 655 1226 autem
679 1162 913 1227 Posidonianae
936 1162 1081 1246 ¹videmus
1104 1184 1171 1227 esse
1195 1165 1385 1229 sententiam
1407 1164 1514 1230 Plinii.

232 1269 317 1334 Nam
343 1292 535 1353 quamquam
558 1269 753 1334 Mercurium
776 1271 859 1334 inter
881 1269 1039 1337 Venerem
1073 1280 1106 1334 et
1136 1271 1244 1334 lunam
1277 1272 1376 1356 ponit,
1409 1278 1517 1337 tamen
1629 1353 1632 1358 y

144 1449 146 1452 .
235 1400 306 1443 cum
331 1377 555 1444 Posidonianis
588 1379 789 1442 consentiunt
820 1382 963 1461 tempora
993 1379 1078 1442 intra
1104 1399 1186 1462 quae
1214 1377 1386 1444 conficiunt
1408 1401 1517 1444 cursus

234 1507 307 1550 suos
327 1483 495 1566 Saturnus,
514 1484 673 1568 Juppiter,
693 1485 748 1565 sol,
767 1483 853 1565 luna,
876 1485 1030 1567 imprimis
1047 1483 1137 1550 Mars
1160 1523 1198 1533 —
1218 1485 1302 1550 binis
1324 1485 1402 1551 fere
1425 1488 1517 1552 annis

233 1592 371 1658 converti
390 1631 431 1641 -
452 1594 508 1677 qui
527 1613 588 1676 quo
608 1598 748 1675 tempore
766 1604 930 1676 percurrat
948 1591 1100 1657 circulum
1118 1615 1219 1675 suum,
1238 1592 1330 1658 valde
1349 1594 1517 1678 scriptores

234 1699 400 1764 dissentire
418 1699 515 1764 vides.
561 1698 732 1764 Praeterea
755 1699 842 1783 apud
860 1698 1002 1764 Plinium
1024 1700 1228 1765 inveniuntur
1250 1702 1439 1784 cognomina
1461 1701 1517 1766 illa

232 1805 349 1873 Martis
372 1811 404 1871 et
425 1805 586 1872 Mercurii.
633 1805 780 1885 Numeri,
794 1806 1013 1872 circuitionum
1036 1806 1171 1874 Veneris
1194 1812 1227 1872 et
1249 1807 1401 1873 Mercurii
1425 1829 1516 1874 accu-

232 1915 365 1979 ratiores
394 1920 469 1978 sunt
491 1936 587 1997 quam
610 1913 697 1998 apud
720 1913 884 1978 Thoonem
907 1919 939 1978 et
963 1914 1158 1997 Ciceronem,
1190 1937 1292 1999 neque
1323 1937 1396 1980 vero
1426 1915 1516 1980 Posi-

232 2021 327 2086 donio
360 2043 427 2086 esse
459 2021 642 2086 tribuendos
674 2020 748 2085 inde
781 2020 964 2103 concludas,
1003 2021 1060 2086 sed
1090 2023 1261 2088 revocandi
1295 2022 1442 2088 videntur
1474 2022 1516 2088 ad

230 2105 400 2194 'Timaeum
423 2131 454 2211 (ξ
479 2130 542 2210 38),
575 2128 731 2195 Cidenam
760 2127 1010 2213 Sosigenemque
1039 2132 1071 2212 (ξ
1096 2131 1160 2208 39).
1205 2129 1259 2194 Ex
1290 2130 1340 2194 his
1372 2151 1444 2195 cum
1476 2131 1515 2198 de

235 2235 367 2301 Timaeo
400 2242 433 2300 et
465 2235 588 2302 Cidena
619 2235 699 2299 nihil
731 2237 807 2300 certi
840 2241 976 2318 constet,
1004 2235 1195 2324 Sosigenem
1228 2237 1376 2304 Caesaris
1409 2243 1513 2303 aetate

231 2343 327 2408 fuisse
346 2343 496 2425 scimus).
543 2343 666 2407 Plinius
684 2343 781 2427 igitur
798 2344 898 2408 utitur
916 2345 1128 2428 scriptoribus,
1144 2346 1198 2429 qui
1216 2353 1289 2429 post
1306 2345 1513 2412 Posidonium

232 2456 331 2532 erant,
363 2447 456 2531 uirde,
490 2450 646 2534 quomodo
669 2449 785 2515 factum
812 2452 860 2532 sit,
893 2456 930 2516 ut
951 2453 1019 2536 ipse
1042 2453 1154 2517 seriem
1178 2451 1427 2519 Posidonianam
1450 2475 1513 2519 non

233 2564 380 2639 servaret,
418 2557 510 2623 facile
551 2557 771 2641 intellegimus.
832 2558 959 2623 Deinde
1000 2558 1303 2643 comprehendamus
1343 2558 1513 2642 Achillem,

231 2665 408 2748 Philonem,
440 2662 647 2749 Simplicium,
681 2666 734 2749 qui
762 2687 863 2750 neque
887 2665 1030 2731 ordinem
1053 2666 1203 2732 exhibent
1225 2667 1389 2734 Posidonii
1411 2688 1513 2752 neque

232 2778 397 2838 accuratos
428 2773 560 2838 tradunt
590 2794 746 2838 numeros.
793 2774 940 2858 Denique
972 2780 1081 2855 restat,
1113 2780 1150 2840 ut
1179 2775 1276 2841 verba
1297 2775 1451 2841 faciamus
1473 2776 1513 2841 de

233 2879 379 2960 Gemino,
403 2880 574 2946 scholiasta
598 2881 632 2944 in
650 2881 789 2945 Aratum
809 2880 1050 2965 Oleomedeque,
1080 2904 1159 2966 quos
1181 2882 1252 2948 ideo
1276 2883 1421 2948 exammo
1440 2905 1513 2968 una,
1551 2895 1553 2900 '

232 2988 317 3071 quod
340 2987 440 3053 Marti
464 2988 608 3053 tribuunt
630 2993 755 3072 tempus
777 2988 905 3072 reliquis
929 2989 1133 3073 scriptoribus
1155 2991 1308 3074 ignotum
1356 2989 1512 3058 Geminus

232 3117 270 3160 ex
289 3096 434 3160 omnibus
454 3095 538 3160 solus
558 3095 680 3160 duobus
699 3097 791 3184 annis
807 3117 862 3160 sex
879 3096 1039 3162 mensibus
1054 3097 1088 3161 id
1107 3097 1194 3162 sidus
1212 3099 1377 3164 circumire
1391 3105 1511 3180 censet3

231 3202 271 3267 de
294 3204 406 3268 ceteris
425 3203 523 3268 stellis
542 3225 605 3267 non
625 3202 772 3268 dissentit
790 3225 810 3267 a
827 3203 999 3269 Posidonio
1018 3207 1173 3288 positione
1192 3204 1344 3270 Mercurii
1363 3205 1512 3274 Veneris·

231 3332 292 3394 que
325 3316 470 3395 excepta3
503 3310 671 3394 praecipue
704 3332 859 3392 moneam,
892 3312 988 3376 etiam
1011 3312 1185 3377 secundum
1209 3311 1380 3379 Geminum
1402 3312 1512 3378 lunam

231 3418 316 3482 intra
339 3417 406 3482 (lies
429 3419 540 3502 viginti
564 3424 684 3502 septem
716 3419 871 3483 tertiam
903 3418 965 3483 diei
994 3425 1118 3503 partem
1146 3441 1328 3504 percurrere
1351 3420 1511 3486 circulum.

232 3523 445 3590 Transeamus
478 3525 519 3590 ad
552 3525 647 3590 schol.
671 3527 704 3590 in
732 3523 829 3590 Arati
858 3549 886 3590 v.
910 3529 984 3608 455,
1015 3527 1069 3592 ubi
1097 3526 1198 3592 Maass
1221 3551 1251 3612 p.
1275 3530 1394 3610 427,28
1416 3528 1512 3612 plane

233 3632 330 3696 aliam
353 3633 492 3698 restituit
513 3633 680 3697 lectionem
703 3655 741 3698 ac
759 3632 888 3698 Beklrer
905 3656 935 3717 p.
953 3636 1036 3716 91,9.
1081 3635 1135 3698 Ex
1157 3635 1345 3700 auctoritate
1367 3635 1512 3700 codicum

231 3738 315 3804 hanc
347 3739 556 3805 differentiam
589 3740 761 3805 diiudicare
794 3743 973 3824 nequimus,
1009 3740 1111 3806 Maass
1148 3745 1232 3806 enim
1268 3743 1335 3826 ipse
1367 3743 1512 3808 concedit

231 3846 367 3932 (Proleg.
390 3870 420 3931 p.
439 3845 479 3929 L)
502 3847 663 3913 evidenter
685 3848 881 3940 comprobari
904 3869 968 3913 non
991 3871 1091 3932 posse,
1115 3855 1221 3914 utrum
1244 3849 1388 3916 codicum
1412 3872 1510 3934 genus

232 3949 273 4019 sit
304 3954 553 4038 praeferendum.
606 3954 721 4038 Itaque
753 3954 814 4020 hoc
846 3955 1036 4020 scholiorum
1074 3956 1142 4022 loco
1178 3958 1280 4022 varias
1313 3957 1352 4022 de
1384 3956 1510 4040 Martis,

231 4059 375 4144 Veneris,
394 4060 545 4126 Mercurii
564 4062 707 4127 cursibus
726 4062 874 4127 collectas
893 4084 960 4128 esse
980 4065 1152 4129 sententias
1172 4065 1320 4148 suspicor,
1339 4065 1510 4148 exquibus

232 4169 313 4234 alius
335 4169 482 4234 librarius
505 4170 601 4253 elegit
623 4171 727 4235 aliam.
775 4168 969 4235 Omittamus
988 4177 1131 4256 tempora
1148 4170 1301 4236 Mercurii
1320 4177 1352 4236 et
1366 4171 1509 4254 Veneris,

231 4275 316 4359 quod
339 4277 513 4342 secundum
536 4298 632 4341 unam
655 4283 739 4342 certe
762 4276 939 4342 doctrinam
962 4301 1103 4343 annumn
1125 4278 1245 4344 habent
1271 4279 1446 4360 circuitum,
1473 4285 1510 4344 ut

231 4385 327 4449 ceteri
349 4405 474 4468 quoque
497 4384 634 4449 tradunt.
682 4382 748 4450 Sed
777 4384 869 4448 valde
901 4385 1104 4450 memorabile
1136 4391 1184 4451 est
1215 4391 1362 4470 tempus,¹
1380 4407 1443 4468 quo
1475 4386 1509 4450 in

322 4581 341 4649 ¹)
361 4581 396 4635 cf.
416 4581 486 4636 Plin.
507 4600 532 4635 n.
552 4579 745 4649 h.XV1]l,§
765 4585 814 4633 ‘211
837 4598 877 4647 sq.
914 4581 948 4634 cf.
969 4581 1092 4651 Simplic.
1116 4581 1145 4636 in
1167 4582 1254 4638 Arist.
1283 4582 1317 4635 de
1338 4582 1423 4650 caelo,
1450 4582 1508 4642 ind.

231 4688 306 4731 nom.
326 4689 346 4726 s.
365 4689 391 4726 v.
414 4655 604 4740 Σωσιγένης.
