3618 5164
804 295 1024 364 -68-

267 498 452 568 Cleomedos
481 497 571 563 addit
597 500 640 583 (p.
665 495 785 578 138,4):
831 495 962 579 Λέγεται
985 495 1014 558 d'
1040 495 1207 579 ἡτοιαύτη
1232 495 1351 579 ἔφοδος
1372 493 1436 560 ὑπὸ
1458 496 1548 578 πρώ-

268 633 333 673 των
355 613 420 672 τῶν
442 607 624 690 Αἰγυπτίων
647 604 860 688 ἐπινοηθῆναι.
909 598 1033 685 Quibus
1055 599 1158 666 verbis
1180 599 1259 666 fides
1286 607 1334 666 est
1366 600 1564 681 tribuenda;v

267 720 337 780 erat
368 717 452 779 certe
481 695 702 796 antiquissima
728 708 785 775 illa
807 708 881 774 solis
905 707 1013 774 circuli
1037 707 1242 793 computandi
1264 709 1356 776 ratio.
1400 707 1548 774 Eandem

267 822 351 887 enim
374 820 548 904 reperimus
570 817 658 904 apud
681 815 768 886 Sext.
791 815 885 901 Emp.
909 815 979 882 adv.
1002 815 1101 881 math.
1125 814 1166 897 V,
1190 818 1233 882 24
1256 837 1315 900 sq:
1348 819 1403 882 ἕνα
1425 817 1491 881 τινὰ
1515 817 1548 880 ἐν

267 938 314 1014 τῷ
345 929 498 1012 ζῳόιακῷ
529 927 640 1011 κύκλῳ
671 923 819 1010 λαμπρὸν
849 925 963 1007 ἀστέρα
991 926 1266 1009 παρατηρήσαντες
1293 925 1495 990 ἀνατέλλοντα
1518 925 1549 989 ol

267 1037 371 1111 πάλαι,
394 1036 457 1100 εἶτα
480 1034 630 1119 ἀμφορέα
652 1033 839 1117 τετρημένον
860 1032 1083 1117 πληρώσαντες
1106 1032 1222 1103 ὕὸατος
1245 1035 1352 1096 εἴασαν
1374 1033 1439 1116 ῥεῖν
1462 1034 1504 1103 εἴς
1521 1055 1549 1096 τι

268 1145 373 1228 ἕτερον
391 1143 600 1226 ὑποκείμενον
618 1141 743 1225 ἀγγεῖον
764 1142 860 1224 μέχρι
876 1145 933 1204 τοῦ
950 1137 1005 1203 τὸν
1023 1139 1119 1204 αὐτὸν
1141 1139 1287 1223 ἀνασχεῖν
1309 1139 1431 1222 ἀστέρα.
1460 1139 1549 1220 mla)

267 1252 298 1316 ol
318 1250 415 1315 πάλαι
432 1253 508 1315 sunt
526 1245 691 1328 Chaldaei,
713 1267 846 1332 quorum
865 1245 905 1311 de
924 1245 1096 1330 astrologia
1113 1245 1268 1330 imprimis
1287 1244 1414 1311 disserit
1432 1243 1548 1314 Sextus

272 1356 361 1423 initio
383 1355 486 1441 quinti
507 1353 589 1421 librt
633 1351 748 1439 Neque
770 1374 844 1419 vero
866 1373 1057 1438 quemquam
1085 1351 1230 1418 dubitare
1257 1357 1344 1437 puto,
1376 1353 1453 1436 quin
1484 1353 1549 1418 iam

272 1469 346 1530 ante
368 1461 576 1529 Posidonium
598 1466 631 1528 et
653 1466 731 1528 nota
752 1460 871 1527 irrerint
892 1459 978 1545 apud
1002 1458 1144 1527 Graecos
1167 1480 1214 1542 ea,
1239 1480 1321 1544 quas
1342 1457 1493 1545 Aegyptii
1518 1466 1551 1526 et

271 1569 427 1639 Chaldaei
463 1567 634 1636 effecerunt
666 1567 716 1654 (cf.
749 1589 846 1653 supra
876 1590 907 1654 p.
933 1569 974 1633 60
998 1566 1070 1633 adn.
1096 1568 1135 1651 l.)
1166 1572 1200 1633 et
1228 1565 1344 1635 Graeci
1370 1567 1432 1652 ipsi
1461 1567 1550 1633 adhi-

273 1678 401 1745 buerint
421 1675 502 1743 tales
525 1681 707 1761 apparatus,
721 1676 908 1762 praesertim
928 1696 1000 1741 eum
1022 1675 1087 1740 iam
1109 1675 1215 1760 quarti
1237 1696 1266 1740 a.
1286 1673 1361 1742 Ohr.
1379 1698 1409 1741 n.
1433 1673 1551 1741 saeculi

272 1791 469 1852 astronomos
499 1783 718 1849 instrumentis
749 1804 818 1850 esse
847 1804 922 1849 usos
952 1786 1082 1863 constet,
1114 1802 1196 1867 quae
1219 1781 1319 1848 multo
1341 1783 1461 1849 maiore
1484 1788 1551 1848 arto

270 1899 304 1960 st
326 1892 471 1959 acumine
493 1895 586 1957 erant
607 1891 783 1976 composita
804 1911 901 1976 quam
923 1888 1003 1955 illud
1032 1887 1288 1976 hydrologiumb.
1333 1889 1415 1957 Inde
1447 1891 1558 1996 igitur,

271 2000 356 2086 quod
373 1997 568 2086 hydrologiis
586 1996 737 2064 adhibitis
755 1995 901 2064 effectum
919 2018 988 2063 esse
1006 2002 1270 2063 commemoratur
1279 1997 1353 2063 solis
1363 1998 1553 2066 diametrum

272 2130 341 2175 esse
366 2106 438 2196 ²!„0
461 2103 571 2173 circuli
593 2104 678 2188 solis,
699 2105 817 2171 iniuria
835 2103 997 2171 concludit
1013 2101 1141 2170 Amold
1157 2103 1406 2171 Posidonianam
1425 2107 1553 2174 subesse

276 2216 463 2284 doctrinam.
482 2251 525 2263 -
545 2211 641 2298 Quod
658 2217 735 2279 tum
754 2213 870 2279 attinet
887 2212 929 2278 ad
946 2211 1043 2278 verba
1060 2212 1261 2297 προαιρετινη
1280 2215 1399 2298 κίνησις
1411 2217 1554 2299 (148,13)

275 2329 309 2390 et
330 2321 502 2407 ἀερομτνὴς
518 2323 547 2406 (1
555 2320 672 2402 obas),
690 2319 829 2386 concedo
844 2340 921 2386 sane
940 2319 1117 2386 doctrinam
1135 2340 1174 2386 ea
1192 2340 1302 2405 sapere
1321 2341 1393 2386 eum
1412 2319 1554 2390 Stoicam

274 2437 343 2498 tum
364 2427 614 2495 Posidonianam
635 2422 775 2513 (Amold
796 2449 827 2512 p.
850 2428 914 2510 45).
960 2425 1083 2492 Tamen
1106 2432 1271 2512 tantopere
1294 2449 1358 2494 non
1380 2427 1496 2513 valent,
1518 2436 1556 2497 ut

275 2536 452 2605 tribuamus
469 2539 573 2602 totum
586 2533 692 2601 locum
701 2533 883 2601 Posidonio.
928 2532 1046 2601 Nonne
1063 2533 1132 2601 fieri
1148 2535 1261 2620 potuit,
1284 2540 1329 2617 ut,
1351 2557 1408 2621 pro
1431 2558 1555 2604 summa

276 2667 341 2730 qua
362 2643 525 2710 fruebatur
547 2641 601 2708 ille
619 2643 807 2708 auctoritate
826 2643 859 2708 in
878 2641 971 2708 rebus
990 2642 1207 2708 astronomicis
1225 2642 1312 2728 apud
1329 2644 1555 2728 posteritatem,

277 2752 396 2820 multae
419 2773 459 2817 ex
480 2749 565 2817 illius
582 2748 672 2816 libris
690 2751 834 2816 notiones
853 2755 885 2816 et
903 2771 995 2817 voces
1014 2750 1185 2816 transirent
1202 2750 1299 2816 etiam
1317 2751 1349 2815 in
1359 2757 1555 2836 posterorum

278 2854 473 2945 scripturas?
503 2895 546 2908 -
576 2855 775 2923 Postremo
796 2856 900 2924 facero
922 2879 987 2924 non
1009 2879 1138 2943 possum
1160 2858 1237 2942 quin
1260 2856 1301 2923 ab
1325 2857 1471 2926 Arnoldo
1493 2859 1555 2926 dis·

280 2969 415 3034 sentiam
447 2965 487 3032 ds
518 2969 660 3032 extrema
689 2970 781 3050 parte
812 2965 926 3030 harum
956 2965 1227 3050 computationum
1249 2968 1291 3050 (p.
1317 2969 1389 3048 148,
1412 2973 1489 3033 extr.
1513 3007 1554 3017 —

282 3075 420 3158 150,23)‚
443 3071 537 3159 quod,
559 3077 716 3156 quatenus
738 3067 780 3137 ad
803 3072 1041 3157 dispositionem
1063 3072 1186 3154 attinet
1213 3073 1277 3138 iam
1300 3095 1397 3158 supra
1418 3074 1556 3141 indicavi

282 3182 407 3268 (pos).
452 3178 579 3247 Arnold
597 3183 638 3264 (p.
655 3181 709 3264 34)
732 3201 803 3245 eam
827 3180 872 3245 sic
895 3179 1020 3245 dividit:
1066 3182 1290 3262 „148,23-2t
1312 3180 1561 3249 Demonstratur

282 3294 437 3376 quantum
469 3286 517 3354 sol
547 3287 644 3353 distet
675 3309 695 3352 a
726 3291 837 3368 terra“‚
869 3293 937 3353 tum
967 3289 1083 3372 pergit:
1124 3288 1176 3369 „in
1207 3289 1246 3353 iis
1275 3310 1357 3374 quae
1386 3296 1560 3375 sequuntur

282 3395 592 3482 (148‚2r-150,23)
616 3393 802 3462 Oleomsdes
825 3394 923 3460 allato
946 3395 1084 3479 quodam
1106 3395 1176 3462 loco
1198 3395 1321 3463 Arctoo
1344 3398 1500 3482 copiosius
1523 3419 1561 3465 ac

282 3503 383 3571 fusius
406 3502 610 3583 demonstrat,
633 3507 787 3586 quantum
806 3501 853 3567 sol
872 3501 969 3568 distet
986 3523 1006 3567 a
1021 3508 1106 3568 terra
1123 3551 1131 3570 .
1151 3552 1158 3568 .
1178 3551 1186 3568 .
1205 3552 1213 3568 .
1231 3525 1271 3569 ne
1291 3503 1416 3570 videtur
1433 3504 1560 3588 quidem

284 3612 418 3678 sensisse
449 3631 561 3694 reapse
593 3630 627 3674 se
659 3607 770 3674 eodem
801 3608 918 3675 revolvi
950 3609 1034 3675 unde
1063 3610 1160 3695 paulo
1188 3617 1262 3676 ante
1285 3617 1355 3677 erat
1375 3610 1562 3697 profectus“

285 3719 464 3803 Disputans
487 3723 593 3783 autam
617 3715 657 3782 de
678 3715 772 3782 huius
791 3717 890 3801 partis
907 3715 1047 3783 fontibus
1063 3717 1142 3784 haec
1160 3717 1257 3784 verba
1270 3717 1347 3785 facit
1365 3723 1405 3804 (p.
1415 3722 1458 3785 46
1467 3721 1560 3804 initlz

285 3825 370 3910 „Sed
391 3846 474 3911 quae
497 3847 527 3909 p.
552 3823 833 3905 148,27-150,23
857 3825 975 3909 scripta
996 3824 1145 3910 leguntur
1166 3847 1224 3910 pro
1238 3832 1323 3893 certo
1341 3825 1562 3894 affirmaverim

288 3955 352 3999 non
373 3954 443 3998 esse
466 3930 635 3998 tribuenda
657 3930 830 3998 Posidonio
852 3931 908 3997 sed
932 3931 1104 4016 Oleomedi,
1134 3933 1251 4019 quippe
1282 3934 1337 4020 qui
1366 3957 1424 4001 nos
1451 3935 1563 4002 doceat

285 4041 347 4107 hac
369 4040 409 4106 de
431 4040 553 4105 ratione
575 4037 793 4105 Posidoniana
814 4087 947 4105 .....
994 4038 1066 4125 Quo
1089 4041 1123 4106 in
1145 4040 1290 4108 faciendo
1307 4041 1508 4127 progreditur
1525 4064 1562 4111 eo

287 4147 453 4234 pravitatis
476 4152 571 4231 atque
593 4147 761 4228 amentiae,
792 4152 836 4229 ut,
868 4153 1036 4232 postquam
1064 4169 1103 4214 ex
1129 4148 1204 4215 solis
1226 4149 1445 4234 magnitudine
1468 4152 1563 4218 inter·

287 4255 405 4323 vallum
437 4253 572 4339 collegit,
603 4253 689 4339 quod
723 4247 771 4321 sol
800 4253 890 4321 abest
912 4276 933 4320 a
955 4260 1048 4340 tarra,
1079 4277 1188 4323 rursus
1216 4256 1290 4324 solis
1312 4258 1563 4343 magnitudinem

376 4415 399 4470 ¹l
416 4413 452 4470 ci.
470 4413 593 4484 ΒοοοΙὼ,
612 4414 722 4470 lletrol.
740 4413 942 4486 Untersuohgn.
960 4370 1007 4472 ol.
1026 4413 1112 4488 Gau„
1130 4415 1235 4474 Meas
1246 4435 1274 4473 u.
1295 4417 1388 4474 Messe
1407 4418 1456 4476 des
1474 4419 1564 4475 Alter·

285 4493 366 4554 turns,
383 4485 477 4541 Berlin
498 4491 575 4558 1838,
592 4505 620 4558 p.
640 4491 756 4542 35-38.

373 4574 398 4646 ¹)
418 4575 453 4662 of.
471 4575 583 4648 Bergsr,
611 4575 711 4632 Gssch.
729 4576 757 4633 d.
775 4576 933 4646 vrissensob
951 4578 1101 4645 Erdlrnude
1127 4578 1154 4635 d.
1173 4577 1222 4638 Gr.
1239 4597 1267 4660 p.
1286 4578 1351 4636 392Ξ
1370 4582 1408 4662 (p.
1426 4583 1501 4660 407).
1529 4612 1565 4626 -·

283 4649 319 4710 of.
338 4649 411 4710 Aah.
428 4665 497 4724 rsag.
518 4667 542 4706 c.
562 4653 606 4726 25,
623 4667 652 4724 p.
671 4653 750 4728 58,ἱά
770 4647 810 4712 Μ,
