3618 5164
307 560 539 642 argumentatio
558 559 622 622 iam
642 558 826 643 amplificari
847 565 959 642 potest.
1007 559 1089 626 Oum
1101 560 1266 627 Chalcidio
1285 563 1428 628 eniml.l.
1448 564 1584 630 dicente:

303 667 458 750 „itemque
481 666 563 730 uteri
586 666 740 730 medietas
763 667 941 748 immobilis,
974 667 1076 732 0011111
1109 689 1232 751 semper
1263 670 1295 733 in
1328 677 1424 752 motu,
1459 673 1586 754 quando

303 775 400 839 etiarn
430 778 609 839 recenter
639 775 915 838 exstinctorum
950 775 1172 839 animalium
1205 776 1319 841 001110
1357 780 1586 861 superstites

304 881 421 946 0110111
445 886 534 945 tunc
557 885 826 964 motus'agant.
872 880 1014 964 Ideoque
1034 882 1131 946 solem
1151 882 1253 948 cordis
1272 883 1413 950 obtinere
1432 887 1586 951 rationem

304 993 337 1054 et
367 987 477 1054 vitalia
508 987 618 1053 mundi
649 988 747 1052 totius
778 989 812 1052 in
843 988 904 1053 hoc
938 989 1012 1072 igue
1045 991 1149 1072 posita
1180 1013 1247 1055 esse
1272 990 1398 1057 diount“
1420 1015 1522 1077 paene
1545 993 1586 1058 ad

303 1094 433 1160 verbum
456 1095 613 1160 consentit
635 1094 724 1160 locus
745 1094 918 1178 Cleanthis,
942 1118 1035 1179 quem
1060 1099 1196 1162 servavit
1216 1097 1327 1164 Cicero
1351 1097 1390 1164 de
1413 1107 1477 1164 nat.
1502 1101 1585 1165 deor.

304 1202 350 1284 Π,
385 1205 413 1284 9,
437 1205 494 1267 241
541 1201 655 1286 „Quod
687 1201 814 1285 quidem
849 1202 1022 1269 Cleanthes
1054 1204 1104 1268 his
1132 1206 1228 1269 etiam
1261 1208 1455 1290 argumentis
1488 1206 1587 1289 docet,

304 1311 493 1394 quantavis
516 1310 592 1374 111111
615 1309 728 1375 caloris
752 1311 784 1374 in
808 1311 894 1375 omni
916 1332 1045 1394 corpore
1069 1361 1203 1377 .....
1248 1313 1320 1378 Iam
1343 1336 1416 1379 1010
1436 1337 1535 1379 101100
1554 1321 1587 1380 01

306 1418 442 1482 arteriae
474 1419 591 1483 micare
623 1439 687 1482 non
718 1417 867 1483 desinunt
889 1420 980 1502 quasi
1003 1418 1141 1503 quodam
1164 1421 1256 1504 igneo
1279 1427 1368 1486 motu
1391 1423 1586 1488 animadver-

304 1547 436 1609 sumque
468 1546 563 1609 saepe
596 1529 652 1606 est,
685 1547 757 1590 oum
790 1547 853 1590 cor
884 1527 1092 1591 animantis
1129 1527 1296 1593 alicuius
1334 1528 1500 1594 evolsum
1533 1531 1588 1594 110

303 1632 491 1698 mobiliter
508 1632 735 1717 palpitaret,
750 1637 791 1698 ut
806 1634 1028 1698 imitaretur
1046 1635 1196 1718 igneam
1216 1635 1483 1701 celeritatem.“
1507 1635 1587 1720 Quis

304 1747 354 1805 est
386 1740 437 1805 oui
470 1738 531 1805 hae
563 1740 716 1824 singulari
751 1741 986 1831 comparatione
1017 1763 1080 1806 non
1103 1743 1332 1826 persuadeatur
1354 1765 1388 1808 re
1412 1765 1483 1808 vera
1507 1743 1587 1809 illud

306 1846 464 1914 Chalcidii
487 1852 584 1931 caput
606 1868 674 1912 esse
697 1847 909 1913 revocandum
933 1847 974 1912 ad
997 1849 1219 1934 philosophum
1242 1847 1398 1916 Assium?

395 1954 486 2039 Quae
510 1977 581 2020 cunr
605 1956 651 2019 ita
674 1955 745 2036 sint,
768 1955 814 2019 illi
838 1957 1005 2038 1111011100,
1034 1978 1115 2040 quae
1142 1957 1293 2041 leguntur
1316 1960 1401 2042 apud
1425 1959 1587 2025 Theonem

306 2061 430 2147 Smyrn.
456 2046 713 2144 187,13-188,7
740 2062 867 2147 (Η11101)
899 2065 1041 2148 cogimur
1073 2063 1218 2146 tribuere,
1251 2067 1400 2148 quoniam
1430 2065 1585 2132 Chalcidii

305 2169 506 2254 Theonisque
535 2170 675 2235 locorum
705 2175 797 2235 tanta
826 2171 1078 2252 01111111111111110,
1108 2178 1144 2236 ut
1167 2194 1220 2237 eos
1243 2195 1282 2236 ex
1305 2172 1415 2238 eodem
1438 2195 1587 2239 manasse

307 2277 393 2343 sonte
412 2300 476 2343 non
494 2278 594 2361 possit
613 2278 731 2361 negari,
754 2276 791 2342 of.
803 2276 972 2360 Switalski,
988 2301 1019 2362 p.
1031 2281 1086 2359 70;
1111 2279 1164 2343 ubi
1189 2302 1260 2344 cum
1283 2280 1347 2344 ianr
1366 2286 1588 2364 comparentur

304 2385 338 2449 hi
361 2385 431 2467 1001,
454 2386 531 2450 satis
555 2390 611 2466 est,
642 2383 781 2449 Theonis
804 2385 909 2450 locum
932 2385 1057 2450 afferre:
1090 2389 1291 2452 ὑποπτεύσειε
1315 2389 1344 2452 δ’
1371 2391 1409 2452 ἅν
1433 2389 1510 2474 [τις]
1534 2391 1587 2453 καὶ

306 2494 362 2577 τὴν
385 2494 597 2576 ἀληθεστέραν
620 2495 709 2557 όέσιν
731 2519 763 2557 τε
785 2494 839 2558 καὶ
861 2495 946 2568 τάξιν
968 2496 1044 2558 εἶναι
1067 2494 1215 2578 ταύτηνῑ),
1240 2498 1289 2560 ἵνα
1307 2503 1362 2560 τοῦ
1381 2497 1516 2579 κόσμου,
1540 2499 1586 2568 ὡς

305 2603 431 2684 κόσμου
459 2601 513 2665 καὶ
536 2600 634 2685 ζῴου,
666 2608 720 2685 τῆς
752 2603 911 2684 ἐμψυχίας
940 2602 961 2686 ᾖ
990 2602 1086 2674 τόπος
1115 2601 1214 2677 οὗτος,
1239 2605 1354 2668 ὡσανεὶ
1376 2605 1509 2687 καρδίας
1531 2611 1585 2669 τοῦ

304 2709 421 2780 παντὸς
444 2710 534 2780 ὄντος
555 2715 611 2773 τοῦ
635 2709 724 2792 ἡλίου
748 2709 965 2793 πολυόέρμου,
1000 2710 1050 2774 did
1078 2710 1134 2794 τὴν
1163 2712 1283 2794 κίνησιν
1312 2712 1366 2775 καὶ
1392 2710 1427 2775 τὸ
1449 2713 1587 2795 μέγεθος

304 2817 357 2881 καὶ
380 2817 436 2901 τὴν
459 2818 608 2881 συνοδίαν
630 2823 694 2881 τῶν
715 2817 787 2899 περὶ
805 2817 908 2881 αὐτόν.
955 2818 1030 2881 ἄλλο
1050 2818 1110 2900 γὰρ
1129 2819 1163 2882 ἐν
1181 2826 1245 2890 τοῖς
1264 2819 1421 2902 ἐμψύχοις
1438 2819 1473 2883 τὸ
1488 2820 1586 2902 μέσον

303 2931 358 2989 τοῦ
389 2925 583 3008 πράγματος,
614 2926 749 2990 τουτέστι
780 2931 835 2988 τοῦ
868 2924 956 3008 ζῴου
980 2923 1002 3010 ᾖ
1024 2924 1122 3009 ζῴου,
1156 2926 1209 2990 καὶ
1237 2927 1313 2990 ἄλλο
1343 2933 1395 2991 τοῦ
1418 2927 1585 3010 μεγέθους·

305 3033 380 3106 οἷον,
413 3033 460 3104 ὡς
492 3034 622 3116 ἔφαμεν,
655 3035 749 3116 ἡμῶν
779 3033 885 3096 αὐτῶν
914 3033 989 3096 ἄλλο
1018 3035 1086 3115 μέν,
1120 3035 1166 3104 ὡς
1194 3035 1380 3116 ἀνθρώπων
1403 3035 1456 3099 καὶ
1480 3034 1585 3118 ζῴων,

303 3147 358 3224 τῆς
387 3141 546 3223 ἐμψυχίας
574 3142 673 3223 μέσον
703 3139 738 3204 τὸ
767 3141 838 3223 περὶ
867 3139 922 3224 τῆν
950 3141 1084 3224 καρδίαν
1108 3141 1280 3224 ἀεικίνητον
1302 3141 1356 3204 καὶ
1378 3142 1583 3224 πολύθερμον

303 3247 357 3310 καὶ
381 3247 431 3311 διὰ
454 3254 549 3312 ταῦτα
576 3249 680 3332 πάσης
710 3255 850 3333 ψυχικῆς
880 3249 1048 3331 δυνάμεως
1078 3247 1176 3313 οὖσαν
1206 3249 1317 3332 ἀρχήν,
1348 3249 1415 3313 οἷον
1444 3256 1583 3332 ψυχικῆς

304 3354 368 3437 (sio.
391 3355 425 3418 in
448 3354 550 3434 codd.)
572 3355 626 3419 καὶ
653 3355 732 3419 κατὰ
762 3355 859 3420 τόπον
890 3357 1070 3440 ὁρμητικῆς,
1101 3357 1263 3439 ὀρεκτικῆς
1292 3356 1345 3420 καὶ
1375 3363 1601 3448 φανταστικῆςι

303 3463 357 3525 καὶ
381 3463 585 3547 διανοητικῆς,
609 3469 664 3527 τοῦ
689 3462 723 3526 δὲ
745 3463 904 3545 μεγέθους
927 3466 1021 3546 ἡμῶν
1044 3465 1149 3547 ἕτερον
1172 3465 1278 3542 μέσον,
1303 3464 1370 3527 οἷον
1388 3463 1423 3528 τὸ
1441 3463 1512 3546 περὶ
1529 3463 1583 3528 τὸν

304 3569 458 3652 ὀμφαλόν.
504 3571 627 3652 ὁμοίως
657 3569 695 3654 di]
727 3570 780 3634 καὶ
809 3576 864 3634 τοῦ
895 3571 1020 3653 κόσμου
1048 3570 1164 3641 παντὸς
1188 3621 1319 3634 .....
1347 3577 1402 3634 τοῦ
1425 3573 1583 3654 μεγέθους

302 3678 401 3759 μέσον
430 3677 465 3741 τὸ
494 3677 565 3760 περὶ
593 3678 649 3761 τῆν
679 3683 737 3761 γῆν
766 3679 1006 3760 κατεψυγμένον
1035 3679 1089 3741 καὶ
1118 3679 1272 3761 ἀκίνητον·
1319 3680 1365 3749 ὡς
1392 3679 1517 3761 κόσμου
1548 3678 1582 3743 111

393 3819 415 3888 ¹)
434 3819 507 3873 Eum
529 3818 635 3873 seilicet
662 3819 794 3886 ordinem,
823 3837 905 3888 quem
933 3836 1015 3888 supra
1042 3818 1118 3872 'Phoe
1142 3838 1169 3888 p.
1192 3823 1363 3888 18614111.
1388 3819 1425 3872 H.
1445 3819 1581 3888 exposuit.

301 3889 383 3945 Idem
406 3896 497 3944 autem
516 3895 606 3944 01100
625 3895 744 3960 systema
763 3891 837 3960 quod
858 3890 958 3944 dieitur
976 3889 1153 3960 Aegyptium.
1191 3891 1348 3944 Secundum
1371 3891 1424 3946 hoo
1443 3891 1536 3945 Venus
1556 3896 1583 3945 01

302 3961 456 4016 Mercurius
484 3980 538 4016 uon
565 3962 668 4016 circum
695 3969 795 4016 terram
822 3963 911 4031 ipsam
938 3963 1094 4031 volvuntur,
1123 3962 1173 4017 sed
1199 3961 1303 4017 circum
1321 3963 1407 4017 solem
1427 3968 1538 4018 currunt
1556 3968 1584 4017 et

302 4052 389 4106 solem
408 4051 569 4106 comitantes
587 4070 695 4106 cursum
708 4052 811 4106 circum
824 4057 925 4106 terram
934 4051 1084 4106 conficiunt
1094 4052 1141 4120 (cf.
1151 4051 1228 4106 Theo
1241 4055 1335 4121 187,st
1354 4036 1410 4121 τὴν
1434 4038 1583 4102 συνοδίαν

301 4131 366 4189 τῶν
393 4126 464 4208 περὶ
491 4124 587 4189 αὐτόν
610 4129 663 4206 (so.
687 4125 805 4210 1111011).
848 4140 931 4196 (iuius
960 4141 1101 4196 doctrinae
1128 4149 1269 4195 auctorem
1299 4141 1381 4196 fuisse
1404 4141 1582 4198 Heraclidem
1673 4165 1675 4170 ·

203 4229 204 4232 ’
301 4212 637 4282 Ponticumoonstatci.
658 4213 794 4268 Chalae.
817 4211 985 4278 rotthrud).
1021 4213 1119 4281 Zeller,
1138 4213 1157 4266 l.
1175 4213 1193 4266 l.
1212 4212 1255 4282 ΙΙ,
1277 4212 1312 4280 1³,
1331 4217 1396 4283 888;
1426 4214 1582 4284 Schmekel,

301 4284 374 4339 Phil.
393 4285 419 4338 d.
439 4285 519 4338 mittl.
538 4285 605 4339 Stoa
626 4303 654 4354 p.
674 4289 726 4339 461
745 4289 773 4339 01
792 4288 844 4338 4611
862 4284 1019 4354 ibidemque
1039 4286 1145 4353 011113,
1173 4285 1220 4338 ubi
1239 4285 1392 4355 corrigitur,
1419 4286 1494 4354 quod
1513 4287 1581 4340 111110

302 4357 430 4426 exposuit
446 4376 475 4426 p.
494 4359 546 4410 283
565 4361 594 4410 et
612 4355 673 4411 adn.
693 4360 723 4425 23
752 4355 897 4422 Susamihl,
922 4355 1020 4410 Gesch.
1045 4356 1071 4410 11,
1090 4375 1130 4425 gr.
1149 4355 1215 4408 Litt.
1234 4355 1261 4410 in
1282 4357 1309 4410 d.
1328 4356 1583 4411 Alexandrinernoit

301 4427 342 4498 ΙΙ,
360 4447 389 4497 p.
400 4427 428 4483 V
440 4446 480 4498 sq.
491 4427 625 4498 Tannery,
645 4427 718 4483 rech.
738 4447 783 4481 sur
800 4427 881 4481 l'hist.
901 4427 936 4480 do
954 4427 1105 4481 l'astr.ane.
1116 4427 1193 4481 Paris
1215 4432 1292 4496 1893,
1312 4445 1356 4498 cp.
1374 4427 1428 4496 VI,
1446 4429 1581 4498 imprimis

301 4519 329 4570 p.
351 4503 401 4554 126
420 4517 479 4569 sqq.
498 4503 700 4569 01268-161,
735 4498 857 4554 Hultsch
874 4499 903 4552 in
922 4499 1075 4554 Wissowae
1100 4499 1296 4568 Rom-Encyel.
1314 4499 1355 4569 Π,
1376 4504 1442 4554 1831
1464 4505 1491 4554 01
1512 4505 1580 4554 18119

301 4590 322 4626 1.
341 4571 563 4627 v.Astronomie
582 4571 598 4642 ξ
618 4575 634 4625 9
654 4572 715 4638 011
737 4575 779 4625 23.
818 4571 956 4641 Quantum
983 4571 1054 4624 hane
1081 4589 1139 4625 rem
1161 4572 1318 4640 perspicere
1336 4589 1489 4642 possumus,
1516 4572 1580 4627 doc·

300 4647 371 4698 trina
397 4644 445 4698 illa
471 4662 527 4699 non
554 4649 665 4714 recepta
691 4648 732 4699 est
756 4643 887 4698 eceteris
904 4642 1076 4712 philosophis
1095 4641 1216 4714 Graecis,
1244 4661 1360 4712 quorum
1378 4643 1457 4698 alteri
1477 4644 1580 4698 circum

301 4721 408 4786 terram,
428 4716 506 4772 alteri
525 4717 629 4774 circum
647 4716 733 4774 selem
750 4715 882 4773 mundum
900 4715 975 4772 volvi
994 4715 1149 4770 censebant.
