3632 5144
788 313 1007 376 ..13-

257 505 361 572 minus
392 509 540 569 accurate
572 504 749 573 absolutam
775 511 956 574 retractare.
1002 506 1054 571 De
1078 509 1118 571 iia
1141 528 1221 590 quae
1246 531 1275 592 p.
1299 510 1373 590 228,
1399 509 1537 577 1-9Ζ

257 616 392 691 exstant,
424 612 456 675 iu
481 609 624 676 Martiali
650 617 756 695 partas
786 634 834 676 me
862 614 907 677 ire
936 613 1095 694 confiteor,
1128 614 1238 698 quiin
1263 611 1407 700 Quaestt.
1431 615 1538 684 Posid.

257 740 287 802 p.
304 720 368 782 995
385 723 450 801 sqq.
470 719 597 802 optimis
616 720 811 802 argumentis
830 724 940 785 contra
957 719 1159 806 Peyrcnium,
1176 719 1332 804 Bakeum,
1357 721 1539 806 Zieglerum

257 825 403 909 probavit
424 825 510 890 hunc
532 825 637 892 locum
660 847 728 892 esee
751 827 931 910 genuinum.

347 931 438 997 Dicit
455 937 560 998 autem
581 931 768 999 Cleomedee
785 956 815 1018 p.
838 936 954 1016 116,28
969 937 1097 1017 -118,6
1117 935 1146 1002 Ζ
1165 935 1258 1002 haec:
1305 937 1538 1021 Προειρηκότες

258 1040 287 1104 ό’
313 1041 346 1104 ἓν
368 1049 416 1124 τῷ
437 1041 558 1124 πρώτῳ
580 1046 645 1105 τῶν
667 1041 953 1126 ἐπιχειρημάτωνβ)
977 1043 1024 1114 ὡς
1046 1043 1125 1108 κατὰ
1148 1043 1229 1108 πολὺ
1258 1046 1377 1127 μείζων
1406 1045 1425 1108 ό
1454 1045 1540 1129 ἥλιος

258 1151 305 1214 ὢν
324 1149 427 1232 αὐτῆς·
438 1146 595 1233 (εαίΙ.γῆς)
613 1149 690 1213 ὅσον
707 1149 854 1213 ποόιαίου
874 1151 949 1234 ἡμῖν
968 1153 1141 1234 φαντασίαν
1160 1151 1349 1234 ἀποπέμπει,
1373 1153 1445 1236 ἑξῆς
1463 1151 1540 1216 αὐτὸ

256 1262 347 1320 τοῦτο
371 1255 519 1329 ἒπιόεῖξαι
543 1255 718 1339 ὀφείλομεν,
742 1257 802 1320 ὅσα
826 1258 859 1321 ἐν
880 1257 1005 1342 τοιαύτη
1029 1260 1187 1342 εἰσαγωγῇ
1205 1259 1347 1342 αὐτάρκη
1367 1260 1436 1332 ε’·στί,
1459 1283 1539 1342 προ-

258 1363 430 1447 φερόμενοι
448 1362 510 1425 ἴόιό
529 1387 622 1427 τινων
644 1363 715 1446 περί
737 1363 841 1446 μόνου
864 1365 977 1428 τούτου
997 1363 1222 1448 σοντάγματαἾ
1245 1366 1473 1450 πεποιηκότων.
1493 1364 1541 1430 ὧν

257 1471 319 1534 ἐστι
351 1470 404 1534 καί
434 1469 658 1541 Ποσειδώνιος.
708 1467 757 1534 Ac
791 1471 927 1554 primum
960 1470 1086 1553 quidem
1119 1476 1225 1537 statuo
1259 1467 1339 1538 haec
1371 1471 1467 1538 verba
1499 1471 1541 1538 ad

258 1575 362 1641 nullas
386 1575 466 1641 alias
488 1575 588 1641 libelli
611 1581 718 1660 partes
741 1598 810 1642 esse
832 1577 997 1642 referenda
1019 1576 1080 1643 nisi
1104 1577 1146 1643 ad
1169 1599 1232 1662 eac,
1256 1578 1369 1662 quibus
1387 1578 1541 1664 probatur

258 1684 305 1755 ὡς
327 1683 407 1748 κατὰ
431 1683 512 1748 πολὺ
534 1686 653 1767 μείζων
676 1685 696 1748 ό
718 1686 805 1769 ἥλιος
827 1686 899 1761 κτλ,
923 1686 943 1750 i.
966 1707 992 1750 e.
1017 1685 1058 1750 ad
1082 1706 1108 1750 c.
1131 1684 1158 1750 I.
1182 1691 1214 1751 et
1236 1685 1283 1750 II.
1307 1685 1436 1751 alteriue
1459 1686 1540 1755 libri.

257 1787 372 1874 Itaque
404 1788 446 1855 ad
479 1791 599 1855 totius
631 1790 704 1855 libri
733 1790 836 1857 fontes
865 1791 1075 1876 explorandos
1102 1791 1148 1856 nil
1170 1791 1285 1858 valent.
1331 1792 1435 1859 Immo
1458 1814 1540 1877 voro,

258 1898 318 1962 nisi
342 1897 413 1961 aliis
435 1895 598 1962 fulciretur
621 1899 824 1982 argumentis,
850 1921 889 1964 ex
912 1899 979 1964 solo
1002 1898 1062 1964 hoc
1085 1898 1153 1966 loco
1177 1920 1240 1965 uon
1265 1906 1440 1985 appareret,
1464 1920 1489 1966 c.
1512 1900 1539 1965 I.

259 2009 293 2070 et
310 2003 356 2068 Π.
376 2003 505 2070 alteriue
528 2003 600 2070 libri
619 2007 796 2071 manavisse
816 2027 854 2071 ex
872 2006 1052 2073 Posidonio.
1098 2004 1254 2072 Animum
1277 2009 1361 2073 enim
1384 2008 1540 2090 attendas,

258 2133 385 2196 quaeso,
416 2112 512 2176 ctiam
545 2112 588 2176 ad
619 2112 709 2178 illum
741 2113 896 2198 pluralem
926 2140 1020 2180 τινων
1043 2165 1175 2181 .....
1198 2117 1421 2201 πεποιηκότων
1443 2122 1476 2181 et
1498 2115 1540 2181 ed

259 2218 338 2284 illud
361 2218 408 2286 ὧν
431 2221 493 2285 ἔστι
515 2221 569 2285 καί
591 2220 816 2293 Ποσειδώνιος.

349 2343 401 2410 De
423 2343 563 2410 lontibus
581 2346 678 2411 totius
697 2347 871 2430 scripturae
891 2348 923 2411 in
942 2348 1123 2413 universum
1141 2349 1238 2417 verba
1259 2347 1337 2414 facit
1355 2347 1540 2416 Oleornedca

258 2472 323 2518 unc
345 2457 470 2518 tantum
492 2451 562 2518 loco
584 2475 615 2537 p.
638 2455 713 2534 228,
740 2457 839 2520 1-5:
884 2455 957 2520 Εἰσὶ
981 2457 1010 2520 d’
1035 2459 1069 2521 αί
1095 2458 1205 2542 σχολαὶ
1234 2455 1325 2522 αὗται
1348 2507 1479 2523 .....
1504 2459 1539 2524 ἔκ

257 2561 515 2644 συγγραμμάτων
546 2565 639 2625 τινῶν
671 2563 880 2646 ἠθροισμέναι
915 2563 969 2628 καί
1004 2565 1149 2632 παλαιῶν
1180 2565 1234 2630 καί
1265 2566 1438 2648 νεωτέρων.
1495 2563 1539 2630 Τὰ

347 2738 369 2805 ι)
386 2737 484 2793 Liceat
500 2736 570 2792 mihi
593 2737 731 2806 corripere
759 2738 1013 2810 interpretationem
1031 2740 1158 2812 Ziegleri¹
1187 2741 1235 2812 qui
1260 2740 1328 2798 haec
1355 2741 1440 2798 verbe
1465 2741 1541 2798 haud

256 2815 382 2866 accurate
408 2809 491 2865 vertit
520 2809 745 2880 (p.11*lextr.):
783 2811 828 2880 „in
855 2812 947 2882 priore
974 2817 1053 2883 parte
1080 2813 1160 2868 lmine
1188 2807 1457 2884 commentationie“;
1485 2815 1540 2870 boc

257 2915 345 2969 paene
363 2897 437 2954 idem
456 2912 514 2954 eece
533 2899 644 2955 videtur
670 2903 751 2970 etque
781 2901 824 2969 „in
842 2901 934 2972 priore
952 2901 1051 2958 libro“.
1079 2931 1113 2944 -·
1141 2887 1326 2972 ἐπιχείρημα
1359 2909 1450 2958 eutem
1477 2922 1540 2959 nuc·

275 2988 339 3026 uem
356 2969 493 3041 eignilicet
513 2971 751 3042 „commenteti0“‚
772 2972 821 3026 ced
830 2973 932 3042 ubique
953 2973 1158 3040 ,ιίιῖίοοίαεείοιι
1177 2975 1222 3030 rel
1242 2975 1484 3046 „arginancem
1504 2976 1538 3032 cl.

256 2987 350 3112 duint.
370 3048 433 3098 luet.
453 3061 492 3097 ατ.
510 3043 547 3113 V,
568 3047 610 3111 10,
629 3047 645 3097 4
665 3061 737 3113 eqq.;
756 3050 828 3099 auct.
847 3045 883 3099 od
900 3044 968 3100 Her.
986 3044 1028 3115 11,
1046 3049 1076 3115 2;
1099 3045 1173 3101 Plut.
1191 3045 1284 3102 multi·
1302 3047 1371 3102 locic
1389 3045 1462 3112 (vide
1480 3046 1537 3103 ind.

256 3129 329 3187 Plut.
347 3131 489 3202 Wyttenb.
510 3141 534 3187 ἰ.
552 3151 579 3187 v.
602 3116 811 3201 ἐπιχείρημα).
847 3131 986 3202 Equidem
1003 3134 1087 3204 igitur
1104 3141 1195 3191 verto:
1234 3136 1278 3204 „in
1291 3135 1380 3206 primo
1395 3153 1537 3206 argumen-

163 3225 166 3228 ·
256 3205 373 3272 torum,
391 3203 409 3258 i.
420 3220 443 3257 c.
456 3203 484 3258 iu
499 3204 590 3274 primo
609 3222 703 3259 eonim
722 3209 954 3276 argumentorum,
972 3224 1042 3276 quae
1060 3206 1114 3262 hcc
1132 3206 1232 3278 prioris
1249 3207 1313 3262 libri
1332 3207 1422 3279 capite
1439 3207 1536 3263 ultimo

256 3293 441 3360 continentum
475 3310 505 3348 re
533 3310 598 3348 vera
626 3293 743 3364 legimur
770 3293 850 3349 initio
878 3312 902 3349 c.
927 3295 1066 3350 undecimi
1093 3297 1134 3366 (p.
1154 3297 1263 3365 10421)
1280 3294 1361 3353 haec:
1397 3280 1537 3364 Πρῶτον

255 3366 314 3449 μὲν
337 3365 398 3449 γὰρ
421 3366 440 3430 ό
462 3368 549 3451 ἥλιος
576 3367 656 3432 κατὰ
685 3367 766 3431 πολὺ
793 3369 912 3452 μείζων
937 3371 986 3432 ὢν
1006 3370 1111 3453 πάσης
1132 3377 1187 3453 τῆς
1209 3376 1267 3454 γῆς
1288 3372 1343 3434 καί
1364 3371 1536 3454 θαλάσσης,

256 3455 303 3527 ὡς
313 3455 363 3520 ded
373 3461 437 3521 τῶν
447 3457 519 3540 ἑξῆς
528 3456 785 3540 ἐπιδειχθήσεται,
804 3458 881 3522 ὅσον
895 3458 1044 3523 ποόιαίον
1062 3461 1139 3543 ἡμῖν
1157 3460 1331 3544 φαντασίαν
1348 3460 1537 3542 ἀποπέμπει.

255 3559 320 3615 Ηαο
330 3573 393 3614 eunt
401 3559 458 3616 eine
468 3560 555 3616 dublo
568 3561 710 3616 reserenda
720 3562 803 3617 verba
811 3581 840 3633 p.
851 3565 947 3633 116,28
957 3581 1010 3633 eq.:
1029 3546 1263 3633 Hpoapqutwc
1278 3549 1307 3613 ‘l'
1320 3549 1353 3614 it·
1361 3557 1408 3632 τῷ
1415 3550 1537 3632 πρώῑῳ

254 3638 319 3698 τῶν
351 3635 611 3718 ἐπιχειρημάτων,
644 3635 690 3706 ὡς
721 3635 801 3700 κατὰ
833 3635 914 3700 πολὺ
943 3636 1062 3720 μείζων
1091 3638 1111 3701 ό
1139 3639 1226 3722 ἥλιος
1258 3639 1307 3702 ὢν
1335 3639 1431 3722 αὐτῆς
1460 3639 1538 3704 ὅσον

254 3724 402 3788 ποόιαίον
421 3725 496 3807 ἡμῖν
514 3724 688 3807 φαντασίαν
703 3724 891 3808 ἀποπέμπει,
910 3727 983 3810 ἑξῆς
998 3725 1075 3790 αὐτὸ
1090 3732 1182 3791 τοῦτο
1198 3727 1346 3802 ἒπιόεῒξαι
1361 3727 1536 3816 ὀφείλομεν.

255 3809 349 3866 Verba
366 3811 450 3880 igitur
467 3811 528 3882 ipae
546 3811 655 3866 duobue
672 3812 742 3867 lucie
761 3813 832 3867 inter
850 3830 879 3868 ee
898 3818 1059 3884 congruunt.
1096 3813 1281 3885 Opponuntur
1303 3819 1395 3870 autem
1418 3815 1490 3870 inter
1508 3832 1537 3869 ee

254 3900 318 3955 loco
337 3901 423 3956 altero
440 3918 523 3956 vocer
540 3885 764 3969 προειρηκότες
783 3914 825 3942 =
845 3907 925 3958 antea
935 3919 1151 3959 commemorare
1162 3907 1363 3974 tnequetemen
1372 3905 1538 3976 ergumemie

256 3986 365 4060 fulcire)
389 3997 417 4045 et
439 3975 587 4049 ἕπιόεῖξαι
610 4002 652 4030 =
676 3991 866 4062 comprobare.

343 4097 368 4169 ¹)
386 4097 495 4155 Amcld
514 4096 677 4166 (secundum
694 4096 828 4169 Bekeum,
845 4097 911 4156 Poe.
929 4099 988 4155 rell.
1005 4099 1096 4155 doctr.
1107 4119 1141 4171 p.
1153 4104 1205 4156 242
1220 4119 1260 4172 eq.
1279 4105 1308 4157 et
1325 4099 1538 4172 Schmekelium,

254 4171 327 4227 Phil.
337 4170 386 4226 der
393 4169 530 4225 mittieren
541 4169 616 4238 Stoa,
636 4169 729 4225 Berlin
742 4173 819 4242 1892,
832 4188 860 4241 p.
874 4173 922 4241 14)
940 4170 1116 4227 cleomedem
1133 4173 1277 4243 proprium
1296 4173 1331 4229 de
1350 4172 1415 4229 tolie
1433 4173 1536 4248 magni·

254 4261 351 4317 tudine
378 4259 479 4314 librum
507 4257 659 4314 consociere
686 4263 768 4329 putat
794 4259 833 4330 (p.
851 4263 885 4316 20
904 4261 956 4331 ιη.)
976 4259 1066 4316 olletie
1083 4261 1175 4318 verbio
1195 4265 1255 4332 118,
1274 4266 1306 4322 4:
1359 4246 1423 4313 ἴδιά
1444 4271 1538 4312 τίνων

253 4335 325 4419 περὶ
347 4333 450 4418 μόνον
473 4333 586 4416 τοηίτον
609 4334 808 4416 συντάγματα
830 4335 1060 4418 πεποιηκότων.
1105 4349 1538 4423 ΕραοοῃιηεωῑοοωΒοηῑο,

254 4423 302 4493 qui
322 4423 349 4476 in
367 4419 465 4477 Jahrb.
476 4417 680 4507 timaee-Phil.
691 4419 870 4545 SupplXXJ
891 4422 987 4490 (1898)
1005 4439 1034 4492 p.
1054 4425 1105 4478 138
1124 4423 1187 4478 edu.
1206 4428 1223 4480 4
1242 4423 1323 4508 dicit:
1361 4421 1538 4524 „Glepmedag

253 4493 328 4549 kann
340 4533 418 4549 .....
438 4491 509 4547 ecch
529 4508 573 4546 em
586 4491 722 4548 einzelnen
755 4492 811 4547 och
825 4493 1177 4564 emecgrceeerenWerlree
1189 4494 1418 4566 gememthebeu.
1453 4493 1538 4549 Bolln

254 4582 328 4638 e'nim
346 4580 481 4637 eontentio
496 4580 610 4636 minime
630 4580 756 4636 dlueutit
778 4581 813 4636 ab
837 4580 885 4652 eie,
909 4599 978 4652 quae
997 4582 1032 4638 dc
1050 4599 1120 4640 voce
1138 4569 1299 4653 σύνταγμα
1323 4582 1451 4654 exposuit
1468 4581 1539 4656 Birt,

253 4653 292 4715 D.
309 4655 404 4712 entike
421 4651 594 4714 Buchweeen
612 4652 714 4726 (1882),
735 4670 765 4725 p.
784 4656 827 4726 29,
845 4658 890 4710 93.
1309 4681 1311 4684 -
