3632 5144
808 336 1026 397 ,28-

275 528 401 612 patitis“
424 531 464 611 (p.
490 530 571 609 4,17.
597 530 691 611 824),
714 530 830 612 quippe
854 549 935 611 quae
959 528 1002 593 ad
1025 527 1188 593 Posidonii
1211 529 1367 593 rationem
1391 527 1556 612 quadrent,

277 634 457 702 Cleomedis
481 640 641 700 auctorem
664 657 732 700 esse
756 635 963 702 Posidonium
987 657 1148 720 apparere.
1375 717 1377 722 λ

365 742 447 808 Ταια
472 764 544 808 vero
566 744 649 807 inter
671 742 901 826 Peripateticos
925 749 957 808 et
980 742 1105 810 Stoicos
1133 744 1240 808 existit
1270 741 1456 807 differentia.
1501 741 1556 807 Illi

275 851 359 914 enim
381 872 483 933 noque
506 851 540 914 in
563 850 680 916 mundo
704 872 805 934 neque
829 856 919 916 extra
941 850 1094 916 mundum
1118 851 1250 915 existere
1274 871 1409 915 vacuum
1432 849 1556 931 docent,

275 956 313 1022 of.
336 954 436 1022 Arist
460 956 555 1043 Phys.
579 957 640 1039 IV,
665 963 693 1040 7,
716 981 746 1042 p.
771 960 862 1024 alea
888 961 927 1023 18
952 980 1010 1042 sq.;
1044 958 1077 1023 hi
1107 961 1139 1022 in
1167 957 1286 1023 mundo
1309 962 1438 1042 nogant,
1468 962 1558 1021 extra

275 1063 429 1128 mundum
462 1086 530 1130 esse
562 1087 697 1131 vacuum
730 1065 898 1132 affirmant.
943 1065 999 1130 Ab
1031 1066 1093 1131 hac
1125 1065 1338 1134 controversia
1371 1063 1566 1150 Cleomedes

277 1172 390 1255 incipit
413 1194 443 1256 p.
469 1174 540 1254 10,6
564 1194 629 1257 sqq.
675 1172 728 1238 Ea
750 1195 831 1256 quae
854 1175 944 1240 initio
972 1178 1012 1260 (p.
1039 1177 1088 1255 10,
1113 1174 1212 1254 6-9)
1235 1171 1319 1254 dicit,
1348 1171 1390 1236 ad
1423 1170 1556 1237 Aristot.

276 1277 315 1344 de
338 1279 426 1344 caelo
449 1278 477 1360 I,
502 1281 531 1361 9,
555 1283 647 1346 area
671 1283 778 1346 6-18
802 1287 945 1365 spectare
975 1284 1040 1348 veri
1070 1287 1118 1346 est
1146 1279 1255 1345 simile.
1302 1279 1425 1344 Tamen
1448 1280 1556 1344 statim

276 1392 409 1470 apparet
429 1385 592 1453 Cleomedi
610 1386 699 1452 illum
722 1387 838 1453 librum
861 1391 964 1473 ipsum
987 1411 1051 1454 non
1074 1393 1202 1473 praeste
1225 1387 1329 1452 fuisse.
1375 1385 1462 1451 Nam
1485 1408 1556 1451 oum

276 1492 506 1576 Peripateticos
538 1493 635 1560 faciat
667 1493 820 1561 dicentes:
866 1499 936 1572 „dai
962 1498 997 1562 τὸ
1028 1497 1120 1562 κενὸν
1150 1498 1274 1578 ἀγγεῖον
1299 1484 1376 1559 εἶναι
1400 1496 1556 1577 σώματος,

276 1600 459 1684 diligentius
468 1599 658 1667 Aristoteles
668 1603 793 1687 scripsit
802 1606 983 1688 (atealsp
1030 1604 1123 1669 κενὸν
1141 1605 1170 1667 d'
1183 1605 1261 1668 εἶναί
1284 1626 1379 1686 φασιν
1402 1603 1435 1666 ἐν
1458 1599 1488 1684 ᾦ
1510 1602 1554 1684 μὴ

276 1710 443 1793 ἐνυπάρχει
467 1715 571 1792 σῶμα,
596 1711 729 1775 ὃυνατόν
754 1713 783 1776 δ’
805 1713 866 1777 ἐστὶ
884 1711 1065 1795 γενέσθαι.1)
1110 1709 1265 1779 Videmus
1287 1709 1384 1792 igitur
1400 1710 1464 1772 iarn
1483 1712 1556 1772 ante

277 1812 484 1880 Aristotelem
503 1817 606 1880 rixam
624 1815 663 1882 de
687 1840 786 1884 vacuo
810 1841 878 1884 esse
901 1825 1020 1885 motam
1043 1823 1076 1883 et
1098 1821 1166 1903 ipso
1190 1839 1229 1882 ex
1251 1817 1305 1882 illo
1328 1815 1424 1901 Phys.
1446 1813 1499 1883 IV
1500 1864 1507 1896 ,
1531 1837 1556 1879 c.

279 1928 366 1988 sexto
389 1923 592 1989 manifestum
615 1930 671 2006 est,
699 1931 892 2010 quantopere
920 1929 985 1991 iam
1007 1925 1267 2010 philosophorum
1290 1929 1363 1989 ante
1388 1945 1460 1989 cum
1483 1943 1556 1988 con·

277 2030 457 2114 spicuorum
480 2054 581 2115 paene
605 2035 745 2098 omnium
768 2033 945 2099 interfuerit
966 2034 1050 2099 hanc
1073 2033 1290 2118 quaestionem
1314 2031 1442 2096 solvere.
1511 2009 1516 2024 ⁶
1561 2057 1563 2060 ·

366 2155 493 2222 Deinde
527 2157 713 2225 Oleomedes
745 2163 786 2243 (p.
817 2161 923 2242 10,ld)
954 2166 1078 2243 pugnat
1109 2180 1181 2223 cum
1212 2157 1273 2221 hac
1295 2155 1556 2221 'adversariorum

275 2265 447 2328 sententia:
493 2269 541 2340 ,εἰ
570 2266 609 2350 ἦν
641 2269 704 2341 ἔξω
736 2274 792 2332 τοῦ
824 2269 950 2351 κόσμου
982 2268 1084 2341 κενόν,
1117 2269 1245 2350 ἐφέρετο
1277 2268 1316 2329 ἂν
1347 2266 1381 2328 δι’
1413 2265 1509 2327 αὐτοῦ
1538 2263 1556 2324 ὁ

275 2370 405 2454 κόσμος,
439 2373 532 2438 οὐδὲν
566 2377 649 2458 ἔχων
681 2374 716 2439 τὸ
745 2377 883 2460 συνέχειν
910 2401 942 2439 τε
965 2376 1018 2440 καὶ
1041 2375 1212 2458 ὑπερείδειν
1236 2371 1331 2436 αὐτὸν
1353 2371 1558 2452 ὄυνάμενον.“

274 2475 348 2543 Ηοο
365 2479 578 2544 revocandum
596 2481 645 2546 est
663 2481 706 2546 ad
724 2479 858 2548 Aristot.
877 2483 972 2568 Phys.
991 2481 1051 2564 IV,
1076 2484 1105 2562 8,
1129 2503 1159 2565 p.
1184 2478 1275 2545 aleb
1300 2478 1480 2542 31—2l5a
1504 2477 1556 2538 24·

275 2582 379 2668 Quem
410 2591 516 2651 tamen
546 2587 662 2652 librum
694 2589 896 2657 Oleomedem
925 2591 1029 2675 ipsum
1059 2610 1122 2654 non
1151 2587 1324 2673 inspexisse
1346 2584 1421 2649 inde
1446 2578 1557 2647 elucet>

274 2698 306 2758 et
329 2693 415 2776 quod
438 2700 546 2760 nostro
570 2695 639 2762 loco
662 2719 683 2761 a
705 2697 935 2782 Peripateticis,
965 2719 1043 2782 quos
1074 2697 1151 2762 facit
1173 2696 1337 2779 loquentes
1361 2689 1557 2770 Cleomedes,

274 2800 436 2866 evidenter
454 2824 526 2867 cum
547 2801 665 2868 Stoicis
683 2805 761 2888 ipsis
784 2811 946 2890 pugnatur
969 2845 1010 2854 —
1035 2803 1226 2869 Aristoteles
1249 2823 1323 2868 vero
1346 2823 1418 2867 cum
1443 2797 1559 2866 Stoicis

273 2930 415 2992 pugnare
439 2909 580 2975 nondum
603 2913 707 2995 potuit
730 2949 771 2961 -·
796 2918 828 2977 et
850 2913 974 2997 quoda
994 2912 1164 2980 Oleomede
1187 2932 1251 2976 non
1273 2910 1413 2993 genuina
1431 2905 1556 2972 Aristo·

274 3015 345 3081 telis
367 3015 519 3082 laudatur
541 3020 708 3084 sententia.
754 3020 789 3085 Is
813 3021 896 3085 enim
920 3022 953 3085 in
976 3020 1031 3086 illo
1055 3021 1158 3105 capite
1181 3039 1283 3102 neque
1306 3017 1346 3082 de
1368 3036 1478 3095 vacue,
1502 3034 1559 3097 per

274 3123 360 3208 quod
382 3123 575 3207 mundus2)
604 3125 710 3208 fertur,
739 3127 834 3192 verba
856 3127 940 3210 lacit,
964 3127 1076 3193 sedin
1099 3129 1280 3192 universum
1304 3124 1342 3188 de
1365 3127 1474 3204 vacuo,
1501 3142 1559 3206 per

275 3231 360 3314 quod
383 3237 487 3297 motus
510 3231 645 3299 efficitur
667 3234 716 3318 (cf.
741 3257 772 3319 p.
797 3235 889 3302 arab
912 3240 933 3301 4
957 3238 1022 3320 sq),
1053 3257 1154 3319 neque
1185 3234 1287 3300 solum
1315 3233 1348 3297 in
1378 3250 1478 3296 vacuo
1506 3248 1560 3292 res

273 3338 355 3420 ferri,
379 3338 436 3404 sed
459 3345 515 3404 aut
537 3341 611 3405 ferri
635 3348 692 3406 aut
713 3344 874 3427 quiescere
898 3343 983 3424 dicit,
1007 3343 1043 3408 cl.
1069 3345 1160 3408 aloa
1183 3345 1225 3407 20
1253 3345 1273 3425 ἢ
1298 3341 1447 3424 ἠρεμήσει
1470 3341 1490 3421 ἢ
1514 3339 1557 3407 εἰς

274 3449 403 3530 ἄπειρον
433 3449 554 3533 ἀνάγκη
586 3452 740 3533 φέρεσθαι
771 3451 825 3516 ἐὰν
856 3455 901 3535 μή
932 3477 959 3515 τι
989 3452 1142 3534 ἒμποόίσῃ
1174 3455 1318 3532 κρεῖττον.
1371 3442 1556 3512 Cleomedes

273 3555 371 3638 igitur
388 3553 485 3620 libros
503 3552 686 3623 Aristotelis
704 3579 767 3623 non
786 3557 872 3642 legit,
896 3558 952 3623 sed
971 3557 1155 3643 simpliciter
1178 3554 1270 3622 affert
1292 3575 1339 3634 ea,
1363 3573 1445 3636 quae
1469 3549 1556 3634 apud

274 3668 435 3728 auctorem
467 3685 560 3728 suum
591 3666 719 3730 invenit
766 3663 940 3750 Quaerenti
973 3673 1088 3746 autem,
1121 3665 1191 3748 quis
1224 3663 1278 3728 illc
1312 3666 1422 3726 auctor
1454 3657 1556 3726 fixerit,

273 3770 361 3836 locus
384 3772 521 3837 occurrit
542 3769 720 3838 Alexandri
743 3771 1013 3858 Aphrodisiensis,
1036 3775 1090 3857 qui
1115 3772 1164 3837 bis
1187 3773 1220 3835 in
1243 3768 1446 3835 Aristoteleis
1470 3786 1555 3831 com·

273 3881 436 3944 mentariis
459 3881 625 3961 invenitur,
650 3878 790 3965 Simplic.
814 3883 847 3945 in
871 3880 1004 3947 Aristot.
1024 3881 1119 3966 Phys.
1142 3878 1202 3961 IV,
1227 3881 1256 3961 8,
1275 3901 1306 3962 p.
1327 3879 1400 3957 671,
1424 3878 1445 3941 4
1464 3872 1557 3938 Diels

274 3991 308 4051 et
340 3986 492 4052 Themist
524 3989 558 4051 in
589 3988 685 4074 Phys.
717 3987 777 4070 IV,
809 3993 838 4071 8,
870 4014 900 4075 p.
931 3992 1046 4071 130,11
1082 3985 1231 4056 Schenkl.
1277 3984 1361 4051 'Pota
1392 4004 1443 4048 res
1474 3981 1556 4046 tanti

273 4095 426 4160 momenti
454 4100 510 4178 est,
543 4102 579 4161 ut
606 4097 711 4162 locum
739 4093 926 4180 Alexandri,
958 4097 1061 4183 qualis
1085 4118 1105 4161 a
1129 4094 1293 4178 Simplicio
1321 4095 1471 4170 servatur,
1502 4087 1557 4153 hie

273 4223 404 4286 ponam:
451 4205 531 4271 ὥστε
554 4209 574 4289 ἢ
598 4212 759 4290 πανταχοῦ
783 4208 984 4291 κινηθήσεται
1007 4204 1083 4291 (scil.
1107 4204 1144 4268 τὰ
1168 4200 1313 4285 σώματα)
1347 4204 1366 4284 ἢ
1400 4199 1554 4280 οὐδαμοῦ.

364 4419 385 4488 ¹)
408 4427 503 4486 φασιν
526 4420 641 4479 fortasse
665 4421 849 4491 supplendum
869 4426 911 4475 est
933 4407 963 4468 οἶ
985 4405 1153 4487 ἅνθρωποι
1177 4418 1336 4485 comparato
1345 4409 1553 4480 AristotPhys.

273 4490 326 4561 IV,
346 4496 372 4560 6,
390 4512 418 4563 p.
437 4495 512 4547 alsa
530 4496 563 4548 27
584 4512 623 4563 sq.
652 4523 685 4532 -
712 4493 847 4548 Animum
873 4493 997 4547 attendas
1021 4508 1121 4560 quaeso
1146 4489 1182 4544 ad
1199 4489 1270 4542 hanc
1288 4485 1369 4540 vacui
1388 4481 1555 4539 definitionis

274 4565 399 4636 formam,
418 4582 486 4635 quae
496 4565 634 4620 simillima
644 4571 686 4620 ost
695 4567 799 4621 lemnae
809 4565 994 4636 Chrysippeae
1004 4581 1020 4617 a
1030 4563 1109 4618 nobis
1120 4579 1201 4631 supra
1211 4560 1251 4629 (p.
1262 4557 1306 4628 25)
1316 4559 1554 4614 commemoratae.

363 4678 385 4747 ²)
403 4694 458 4731 vox
476 4680 549 4730 certa
571 4657 693 4744 adapes
718 4692 851 4744 nusquam
870 4672 996 4731 occurrit.
