3632 5144
823 297 1043 362 ..30-

292 494 389 569 κάτω,
423 494 551 578 ἐφέρετο
579 495 617 558 ἂν
641 495 659 557 ὁ
683 493 805 576 κόσμος
836 493 937 557 κάτω
967 493 1017 557 διὰ
1047 499 1103 557 τοῦ
1135 491 1266 575 usvahst)
1298 495 1345 564 ὡς
1377 493 1572 578 eruptiones

293 603 326 666 ἓν
358 609 405 684 τῷ
436 601 522 683 λόγῳ
550 609 597 683 τῷ
625 600 697 684 περὶ
723 607 778 685 τῆς
806 600 855 664 ἐπὶ
877 600 913 663 τὸ
935 603 1034 683 μέσον
1057 606 1169 684 φορᾶς.
1215 598 1405 665 Aristoteles
1436 621 1509 665 vero
1541 605 1574 665 et

293 706 497 792 Peripatetici
526 727 649 791 semper
677 706 801 771 disertis
830 705 933 771 verbis
955 705 1005 790 (cf.
1028 727 1055 771 e.
1078 728 1104 772 c.
1130 703 1227 772 Arist.
1251 705 1346 791 Phys.
1369 705 1430 787 IV,
1453 709 1473 772 8
1496 707 1574 787 init,

294 835 323 898 p.
347 817 438 879 aloa
461 814 493 895 9)
517 812 743 895 demonstrant,
776 813 831 879 ubi
862 835 996 879 vacuum
1029 814 1079 895 sit,
1111 835 1235 878 sursum
1267 819 1299 879 et
1331 812 1477 878 deorsum
1509 835 1574 878 non

294 920 446 1004 distingui
469 925 502 985 et
522 921 556 984 in
578 919 640 986 hoo
662 920 731 1004 ipso
751 919 931 987 Cleomedis
954 921 1058 1004 capite
1076 922 1117 1005 (p.
1139 921 1245 1002 ltus)
1263 920 1397 1004 legimus
1416 923 1487 985 οὔτε
1505 923 1573 986 ἄνω

293 1054 320 1093 τι
343 1030 381 1092 ἂν
405 1030 471 1112 ἔχοι
494 1029 566 1092 οὔτε
588 1029 675 1092 κάτω
709 1027 776 1092 scil.
799 1027 835 1092 τὸ
859 1029 960 1093 κενόν.
1004 1026 1120 1111 Itaque
1139 1009 1325 1093 Cleomedes
1348 1026 1431 1092 male
1454 1027 1577 1092 curavit

294 1135 519 1218 quaestionem,
538 1155 610 1199 eum
630 1133 835 1218 redargueret
848 1155 915 1199 rem
935 1134 976 1199 ab
994 1135 1057 1200 illis
1073 1135 1202 1198 minime
1213 1132 1411 1200 affirmatam.
1458 1132 1575 1201 Statim

294 1241 347 1306 hic
371 1241 459 1306 dicat
481 1242 560 1324 quis,
582 1239 650 1306 fieri
673 1262 737 1306 non
760 1262 852 1325 posse
870 1243 948 1324 quin
967 1240 1153 1309 Cleomedes
1171 1262 1228 1325 pro
1246 1263 1344 1326 parvo
1363 1247 1400 1307 ut
1417 1246 1578 1307 constaret

294 1349 423 1432 ingenio
442 1347 529 1412 haud
547 1353 640 1429 recte,
663 1347 740 1431 quid
768 1354 910 1414 censeret
931 1345 1131 1429 Aristoteles,
1162 1347 1352 1414 intellexerit
1383 1353 1416 1414 et
1447 1349 1577 1413 crimine

300 1453 480 1520 Alexandri
504 1476 601 1539 supra
622 1458 663 1539 (p.
688 1455 743 1536 29)
765 1461 1009 1521 commemorato
1037 1455 1193 1522 adductus
1220 1457 1287 1540 ipse
1310 1455 1390 1522 illud
1411 1457 1579 1521 inseruerit

297 1566 519 1646 argumentum
536 1562 644 1645 itaque
667 1567 740 1646 post
757 1559 979 1629 Alexandrum
998 1564 1210 1648 composuerit
1228 1562 1344 1629 librum
1363 1585 1464 1628 suum.
1508 1561 1578 1628 Nos

300 1674 407 1735 autem
431 1668 646 1734 demonstrare
669 1691 846 1755 possumus,
870 1669 1073 1737 Cleomedem
1095 1691 1159 1736 uon
1181 1671 1286 1754 ipsum
1309 1691 1348 1735 ex
1370 1670 1498 1754 ingenio
1520 1690 1578 1735 suo

299 1775 376 1842 illud
407 1776 607 1861 prompsisse,
640 1776 696 1842 sed
727 1777 792 1842 iam
824 1782 920 1842 antea
953 1799 973 1843 a
1005 1776 1121 1845 Stoicis
1153 1777 1217 1843 tale
1247 1776 1324 1861 quid
1354 1798 1422 1843 esse
1450 1776 1579 1842 dictum.

298 1883 415 1949 Exstat
445 1884 530 1948 enim
561 1883 659 1966 loeus,
689 1885 743 1968 qui
775 1885 855 1950 miro
887 1885 1026 1968 quodam
1055 1884 1149 1951 modo
1179 1885 1336 1951 consentit
1362 1907 1434 1950 curn
1462 1888 1579 1965 nostro,

298 1990 423 2056 Philon.
455 1990 494 2056 de
526 1990 646 2075 provid.
677 1991 724 2073 H,
748 1993 767 2075 ᾗ
792 1994 843 2073 56,
866 2015 896 2076 p.
920 1995 963 2058 84
986 1990 1106 2059 Auoh:
1152 1991 1291 2076 „Figura
1322 1997 1428 2057 autem
1459 1990 1580 2072 mundi,

299 2099 381 2164 sicut
403 2098 500 2163 etiam
522 2098 659 2164 mundus
681 2099 749 2183 ipse
771 2121 829 2184 per
850 2099 1082 2185 providentiam
1101 2099 1186 2184 globi
1203 2100 1237 2164 in
1255 2099 1388 2165 iorrnam
1406 2097 1492 2164 facta
1508 2097 1579 2163 fuit.

300 2205 443 2271 Primum
465 2205 542 2289 quia
563 2207 649 2272 omni
671 2204 775 2290 figura
797 2206 935 2272 velocius
957 2207 1083 2274 mobilis
1105 2213 1167 2288 est;
1200 2213 1233 2273 et
1260 2205 1374 2273 deinde
1401 2207 1504 2291 magis
1526 2226 1580 2270 ne·

301 2313 449 2396 cessaria,
472 2335 513 2379 ne
535 2312 615 2379 forte
637 2314 818 2380 remissus
842 2314 1033 2400 (mundus)
1056 2313 1236 2384 deorsum
1259 2313 1428 2380 ferretur
1449 2312 1496 2379 ad
1518 2313 1584 2377 im·

304 2442 469 2486 mensam
499 2421 737 2487 vacuitatem
767 2423 915 2488 eunctis
944 2422 1119 2507 partibus
1149 2422 1186 2486 in
1217 2443 1322 2487 suum
1344 2419 1506 2487 medium
1528 2421 1584 2485 iu·

305 2528 555 2594 elinantibus:
598 2530 643 2594 sic
674 2530 759 2594 enim
792 2529 894 2595 solum
925 2529 1019 2595 modo
1052 2530 1289 2596 consistentiam
1318 2528 1485 2594 habiturus
1507 2532 1585 2610 erat,

304 2657 382 2720 erga
413 2657 446 2700 se
478 2637 612 2701 invicem
644 2635 687 2702 ad
718 2637 857 2708 medium
890 2637 1039 2703 tendente
1071 2637 1196 2721 aequali
1229 2635 1304 2701 orbe
1335 2635 1396 2722 (vel
1430 2635 1585 2719 sphaera)-

307 2742 489 2811 Occurrunt
498 2749 604 2809 autern
625 2744 660 2809 in
683 2743 815 2811 Timaeo
833 2744 978 2810 Platonis
1000 2745 1054 2828 qui
1068 2742 1198 2810 mirifice
1213 2743 1345 2810 laudent
1362 2741 1497 2826 figuram
1514 2763 1584 2827 per·

303 2850 385 2916 fecte
412 2851 609 2936 sphaericam
632 2873 704 2916 cum
727 2873 786 2918 sua
808 2853 945 2918 utilitate
968 2857 1063 2936 atque
1092 2851 1321 2933 commendent,
1352 2850 1399 2916 ita
1430 2855 1467 2915 ut
1497 2849 1585 2914 nullo

305 2964 470 3043 praeterea
493 2958 636 3043 indigeat
657 2958 761 3025 laudis
785 2959 1029 3025 additamento.“
1054 2998 1095 3009 —
1118 2959 1234 3043 Itaque
1248 2960 1312 3024 iam
1322 2963 1433 3024 auctor
1441 2956 1585 3022 Phdonis

305 3065 355 3132 vel
388 3071 473 3132 certe
506 3065 599 3132 Philo
630 3067 699 3150 ipse
730 3067 864 3132 eandem
896 3089 992 3150 quam
1026 3066 1212 3134 Oleomedes
1241 3065 1367 3150 repellit
1395 3065 1584 3149 opinionem.

307 3173 431 3239 Eadem
462 3195 535 3240 vero
564 3175 692 3240 tertium
715 3175 873 3240 invenitur
895 3175 926 3240 in
952 3172 1070 3241 Achill.
1092 3175 1170 3259 isag.
1194 3195 1219 3239 o.
1244 3177 1273 3255 9,
1295 3195 1325 3257 p.
1350 3175 1444 3254 38,21
1469 3171 1583 3237 Maeli:

398 3409 421 3478 1)
440 3407 614 3464 Haecverba
631 3393 660 3455 εἶ
680 3390 740 3474 γὰρ
763 3391 808 3475 μὴ
826 3441 951 3454 ······
974 3396 1068 3455 κενοῦ
1096 3406 1125 3460 in
1143 3405 1285 3462 codicibus
1303 3404 1380 3460 Med.
1399 3408 1426 3459 et
1443 3403 1519 3473 Lipr.
1539 3402 1585 3458 de·

307 3480 467 3548 siderentur,
486 3481 515 3535 in
534 3479 632 3534 ceteris
650 3480 784 3550 leguntur.
820 3479 928 3549 Ziegler
950 3477 994 3534 De
1012 3479 1069 3534 vita
1091 3488 1119 3533 et
1141 3479 1251 3548 scriptis
1271 3477 1425 3532 Cleomedis
1443 3495 1471 3546 p.
1490 3478 1524 3530 32
1545 3492 1585 3543 sq.

307 3553 359 3608 etsi
375 3553 404 3607 in
423 3552 519 3607 ceteris
539 3552 682 3607 codicibus
700 3568 733 3605 sa
750 3551 865 3606 fortasse
883 3550 1046 3620 interpolata
1069 3567 1127 3605 esse
1150 3551 1302 3618 suspicatus
1326 3554 1390 3619 erat,
1413 3548 1443 3602 in
1465 3546 1585 3601 editione

308 3624 462 3679 Cleomedis
493 3624 585 3694 posuit
617 3623 736 3691 reliquos
759 3629 867 3678 secutus
890 3623 1017 3676 editores.
1053 3621 1190 3691 Equidem
1214 3627 1243 3675 ut
1265 3623 1392 3676 lacunam
1410 3620 1438 3675 in
1457 3619 1585 3674 codicum

308 3696 385 3750 Med.
405 3701 432 3751 et
449 3695 527 3765 Lips.
546 3695 696 3764 archetypo
719 3693 802 3748 luisse
824 3699 919 3764 putem
940 3695 1057 3764 ideoque
1080 3695 1114 3748 ab
1134 3694 1284 3748 editoribus
1302 3694 1360 3747 iure
1377 3710 1409 3747 ea
1426 3691 1509 3746 verba
1528 3707 1585 3744 esse

308 3774 421 3837 servata,
440 3767 504 3822 iude
523 3784 706 3836 commoveor,
726 3766 845 3835 quadiu
864 3765 966 3824 Achill.
985 3767 1052 3836 issg.
1074 3765 1163 3835 eapite
1177 3782 1260 3836 nono,
1279 3764 1353 3834 quod
1367 3763 1455 3819 simile
1469 3768 1510 3817 est
1522 3762 1584 3818 loeo

309 3839 482 3907 Cleomedeo,
502 3838 601 3893 iisdem
619 3837 696 3907 quasi
715 3838 797 3892 armis
816 3855 879 3893 oum
897 3838 994 3893 eodem
1008 3837 1087 3892 hoste
1095 3848 1240 3908 pugnatur.
1276 3837 1349 3891 Nam
1358 3834 1432 3906 apud
1440 3839 1586 3903 utrumque

309 3939 337 3983 et
354 3934 543 3999 argumentum
570 3933 612 3983 est
629 3927 797 3982 simillimum
816 3932 844 3982 et
865 3913 904 3995 »ἦ
929 3913 978 3976 ἐπὶ
1009 3911 1045 3975 τὸ
1077 3913 1176 3994 μέσον
1204 3912 1311 3994 ‘poeti‘
1334 3925 1456 3994 offertum
1493 3923 1586 3992 itaque

309 4019 364 4056 nou
383 4001 479 4056 dubito
499 4000 565 4069 quin
584 4000 657 4070 apud
675 4005 819 4068 utrumque
837 4000 933 4054 eadem
951 3999 1167 4054 adversariorum
1185 3999 1318 4054 sententia
1336 3997 1433 4051 eudem
1451 3995 1485 4050 de
1504 4012 1586 4050 causa

309 4090 444 4146 reiciatur.
480 4089 574 4145 Verba
596 4089 680 4160 igitur
701 4075 731 4138 εἶ
750 4073 810 4156 γὰρ
833 4072 878 4157 μὴ
896 4122 997 4137 ·····
1020 4079 1114 4137 κενοῦ
1133 4083 1586 4158 suutgennina-Acceditquod

309 4162 378 4217 haee
401 4161 483 4218 verba
504 4161 657 4217 necessaria
680 4165 742 4216 sunt
763 4160 792 4214 in
811 4166 870 4214 toto
889 4165 1026 4216 contextu.
1064 4161 1177 4216 Summa
1195 4160 1268 4214 euim
1286 4156 1527 4230 argumentationis
1545 4161 1586 4211 est

309 4252 390 4306 haec:
415 4234 450 4300 τὸ
474 4233 550 4299 αὐτὸ
573 4237 671 4317 μέσον
695 4237 756 4319 ἔχει
779 4235 798 4298 ὁ
820 4234 942 4317 κόσμος
964 4235 1018 4298 καὶ
1040 4235 1136 4308 κάτω,
1161 4268 1229 4320 quas
1252 4249 1385 4304 sententia
1402 4247 1491 4304 verbis
1509 4261 1585 4317 prae-

310 4323 470 4378 cedentibus
496 4323 618 4378 noudum
643 4322 708 4377 satis
732 4323 804 4378 clare
827 4327 868 4376 est
891 4339 1029 4392 expressa3
1059 4322 1094 4377 cf.
1113 4341 1141 4392 p.
1162 4326 1252 4392 18,15;
1276 4323 1355 4390 20,t2
1373 4321 1404 4389 Z,
1423 4319 1471 4374 ubi
1489 4317 1586 4373 eadem

310 4413 398 4466 paene
415 4394 502 4450 verbs
520 4400 674 4450 occurrunt.
710 4392 808 4463 Itaque
832 4395 917 4448 reicio
941 4393 1023 4448 etiam
1042 4411 1111 4463 quae
1129 4393 1199 4448 dicit
1216 4393 1256 4447 M.
1274 4392 1431 4460 Luedecke,
1449 4389 1547 4446 Jahrb.
1566 4394 1585 4443 t'.

310 4467 358 4522 Kl.
377 4465 448 4521 Phil.
469 4469 517 4521 141
538 4466 635 4535 (18110)
653 4484 681 4536 p.
700 4469 753 4520 458
772 4483 825 4535 sq.;
848 4466 933 4519 immo
951 4483 1017 4520 vero
1036 4484 1051 4520 a
1069 4465 1181 4520 librario
1199 4464 1340 4535 archetypi
1363 4464 1444 4519 codd.
1464 4461 1540 4516 Med.
1560 4464 1587 4516 et

310 4556 387 4628 Lips.
405 4556 473 4612 illud
496 4556 665 4612 enuntiatum
683 4541 711 4604 εἷ
732 4589 738 4603 ·
763 4589 769 4604 ·
794 4589 800 4602 -
824 4545 917 4603 κενοῦ
942 4559 969 4609 et
987 4575 1003 4608 a
1018 4557 1130 4610 librario
1138 4556 1226 4611 Palat.
1238 4560 1270 4609 1s
1289 4554 1392 4624 [bomb.
1410 4571 1480 4608 saecv
1494 4551 1586 4620 XlV.)

312 4666 409 4707 vocem
422 4631 510 4697 κάτω
526 4647 649 4704 consulto
669 4664 727 4702 esse
746 4647 845 4704 omissa
862 4655 938 4722 puto,
957 4653 988 4701 ut
1004 4648 1122 4704 vitarent
1134 4663 1197 4702 cum
1208 4663 1237 4718 p.
1254 4649 1331 4720 16,13
1344 4645 1366 4700 Ζ
1381 4645 1423 4700 dis
1439 4646 1587 4702 curionem.
