3618 5164
831 346 1050 410 ..60-

292 546 407 627 φωνία·
429 543 560 613 πολλοῖς
579 543 648 625 γὰρ,
669 540 877 625 ΑίγυπτίοιςῙ)
895 542 949 606 καὶ
962 541 1095 625 Ἕλλησι,
1115 549 1169 606 τοῦ
1184 543 1314 624 Κρόνου
1325 543 1343 605 ὁ
1354 542 1452 625 ἀστὴρ
1462 543 1580 624 λέγεται

292 652 391 714 καίτοι
413 650 637 733 ἀμαυρότατος
660 652 708 714 ὢν
736 649 866 714 Φοίνων
889 651 942 712 κτλ
945 699 1108 712 ......
1132 650 1231 732 τρίτος
1254 651 1273 712 δ
1291 655 1345 712 τοῦ
1363 649 1474 732 Ἄρεος
1491 649 1578 732 παρὰ

291 758 350 841 μὲν
363 757 488 841 Ἑλλησι
506 757 655 839 Πυρδεις,
674 756 762 840 παρὰ
781 757 816 820 δὲ
837 756 1018 838 Αἰγυπτίοις
1032 749 1265 838 Ἡρακλέους
1284 757 1389 839 ἀστήρ.
1437 757 1580 839 τέταρτος

293 866 389 929 δτοῦ
408 864 528 948 Ἑρμοῦ
554 864 716 948 (δεδόσδο)
741 864 801 947 γὰρ
824 863 968 947 τέταρτον
991 863 1087 928 αὐτὸν
1110 864 1194 927 εἶναι·
1218 866 1335 946 εἴρηται
1363 863 1424 946 γὰρ
1450 867 1486 944 [c.
1515 864 1578 943 16.]

293 973 338 1036 δτι
362 972 519 1055 διαφωνία
542 971 640 1055 τ’τολλὴ
665 972 736 1054 περὶ
753 977 817 1034 τῶν
836 972 977 1053 ἀστέρων
992 970 1113 1054 Ἑρμοῦ
1132 971 1185 1033 καὶ
1198 970 1387 1054 Ἀφροδίτης
1404 971 1459 1034 καί
1481 971 1578 1054 ἡλίου,

293 1080 311 1142 ὁ
334 1081 437 1143 τοίνυν
460 1085 515 1142 τοῦ
534 1079 654 1162 Ἑρμοῦ
679 1078 777 1162 ἀστὴρ
793 1079 928 1142 καλεῖται
943 1078 1030 1161 παρὰ
1045 1077 1104 1160 μὲν
1122 1078 1247 1161 Ἕλλησι
1262 1077 1414 1160 Στίλβων,
1437 1077 1525 1160 παρὰ
1544 1078 1579 1141 δὲ

293 1186 472 1269 Αἰγυπτίοις
486 1185 723 1256 ’Λπόλλωνος
733 1187 860 1268 ἀστήρ,“
870 1186 932 1248 κτλ.
948 1183 1091 1248 Primum
1102 1189 1148 1248 est
1158 1182 1580 1268 manifestumhosquattuor

292 1291 378 1358 locos
410 1313 449 1356 ex
481 1291 592 1357 eodem
623 1313 770 1356 manasse
801 1291 896 1373 fonte,
928 1296 997 1356 tum
1029 1290 1115 1374 apud
1138 1288 1300 1355 Achillem
1328 1291 1433 1356 locum
1456 1293 1575 1356 servari

292 1401 458 1484 integrum,
491 1404 575 1464 certe
607 1400 713 1463 minus
745 1399 925 1463 mutilatum
955 1420 1051 1482 quam
1075 1397 1161 1482 apud
1184 1403 1312 1463 ceteros,
1359 1397 1442 1464 Cum
1465 1405 1579 1464 auctor

293 1507 458 1591 libri=rrapl
480 1508 606 1591 κόσμου
629 1506 758 1589 reliquis
781 1507 823 1570 sit
845 1505 1031 1588 vetustiore),
1055 1512 1129 1571 ante
1153 1527 1226 1570 eum
1244 1507 1419 1570 communis
1437 1505 1508 1570 lons
1527 1511 1578 1571 est

294 1614 469 1699 ponendus
493 1613 675 1698 etquidem
698 1635 762 1678 non
785 1612 920 1678 multum
945 1614 1096 1696 temporis
1120 1618 1207 1693 ante;
1231 1613 1433 1696 nequeenim
1454 1613 1495 1677 ab
1513 1612 1578 1678 ullo

295 1721 358 1787 alio
390 1722 560 1787 vetustiore
595 1722 755 1804 scriptore,
788 1724 942 1804 quantum
974 1720 1074 1801 video,
1110 1719 1191 1785 haec
1222 1720 1412 1803 cognomina
1443 1742 1577 1786 comme·

294 1834 470 1898 morantur.
512 1828 635 1894 Notum
668 1833 775 1893 autem
807 1833 863 1908 est,
895 1827 1063 1909 hominem,
1098 1828 1153 1911 qui
1185 1829 1363 1911 composuit
1390 1828 1480 1892 illum
1507 1829 1578 1912 περὶ

294 1938 419 2021 κόσμου
443 1936 592 2017 libellmn,
625 1936 762 2020 plurima
792 1935 1022 2019 deprompsisse
1045 1957 1084 2000 ex
1107 1934 1270 2001 Posidonii
1293 1933 1417 2016 libris2).
1462 1934 1577 2018 Itaque

295 2066 358 2109 non
391 2043 513 2125 dubito,
552 2045 628 2127 quin
665 2043 922 2126 compositionem
956 2042 1118 2107 stellarum
1151 2043 1323 2106 errantium
1356 2043 1577 2124 cognominum

295 2153 361 2216 iure
393 2151 571 2216 tribuamus
603 2151 783 2216 Posidonio.
838 2149 926 2214 Nam
963 2150 1060 2215 etiam
1091 2151 1125 2214 in
1156 2149 1253 2214 libros
1286 2148 1438 2230 Theonis,
1470 2148 1576 2229 Plinii,

295 2257 434 2324 Achillis
467 2258 569 2324 multa
601 2280 748 2323 manasse
781 2252 820 2322 ox
851 2258 1015 2324 Posidonii
1052 2257 1215 2340 scripturis
1251 2275 1360 2321 omnes
1392 2255 1577 2321 concedunt.

296 2365 401 2435 Valde
426 2372 532 2432 autem
554 2367 670 2430 mirum
693 2371 749 2447 est,
784 2365 870 2449 apud
892 2363 1062 2445 Achillem,
1092 2385 1186 2447 quern
1208 2363 1348 2447 pleniore
1372 2364 1419 2428 uti
1441 2363 1576 2428 lectione

295 2476 402 2558 itaque
426 2474 538 2540 melius
561 2473 707 2539 exhibere
730 2475 800 2557 ipsa
822 2473 917 2538 fontis
941 2471 1037 2536 verba
1064 2494 1159 2555 quam
1181 2470 1318 2555 reliquos
1340 2472 1405 2536 iam
1428 2470 1572 2552 diximus,

295 2580 430 2650 Veneris
454 2581 540 2646 sidus
562 2581 740 2665 proximum
764 2586 866 2646 terrae
888 2581 972 2664 poni.
1018 2577 1106 2662 Ergo
1138 2578 1198 2644 hoo
1230 2599 1354 2663 quoque
1386 2584 1572 2662 argumento

295 2711 500 2772 commoveor,
518 2693 555 2754 ut
573 2687 659 2772 apud
675 2687 860 2755 Ciceronem
879 2693 912 2753 et
929 2686 1092 2752 Thoonem
1111 2709 1217 2752 veram
1231 2686 1395 2753 Posidonii
1410 2686 1572 2751 stellarum

294 2797 467 2862 errantium
491 2796 618 2862 credam
641 2797 758 2861 servari
783 2797 903 2861 seriem.

385 2903 476 2989 Quae
499 2927 571 2970 cum
594 2905 640 2968 ita
662 2904 734 2986 sint,
765 2902 957 2970 Posidonius
986 2909 1107 2987 septem
1135 2901 1239 2966 sidera
1266 2923 1375 2966 cursus
1401 2923 1473 2967 suos
1499 2922 1571 2965 con·

293 3012 386 3078 ficere
410 3012 517 3078 docuit
538 3012 588 3077 his
611 3011 817 3096 temporibus:
865 3010 1039 3078 Saturnum
1062 3011 1185 3076 circiter
1203 3008 1319 3074 XXX
1337 3009 1438 3089 annis,
1463 3004 1572 3074 Iovem

292 3120 356 3186 fere
384 3120 461 3186 XII
488 3121 588 3201 annis,
630 3119 769 3186 Martem
807 3119 931 3184 duobus
964 3119 1055 3183 annis
1088 3140 1143 3183 sex
1176 3117 1286 3182 diebus
1317 3117 1430 3198 minus,
1464 3113 1573 3182 Solem

294 3227 482 3295 CCCLXV
505 3227 616 3293 diebus
639 3234 753 3312 quarta
775 3227 839 3292 fere
863 3227 925 3292 diei
948 3232 1038 3310 parte
1062 3225 1181 3306 addita,
1208 3223 1404 3289 Mercurium
1426 3222 1490 3288 fere
1508 3245 1572 3289 uno

293 3359 386 3419 anno,
404 3335 563 3401 Venerem
580 3336 644 3400 fere
663 3358 726 3400 uno
746 3357 838 3417 anno,
857 3335 967 3399 lunam
976 3333 1124 3401 XXVII
1134 3331 1245 3402 diebus
1255 3333 1350 3397 tertia
1366 3330 1429 3395 diei
1446 3329 1572 3415 partes.

293 3482 336 3493 -
358 3442 436 3508 Noli
459 3442 616 3510 offendere
639 3445 673 3508 in
697 3464 743 3518 eo,
773 3442 858 3526 quod
882 3441 968 3526 apud
991 3441 1153 3507 Theonem
1177 3444 1209 3504 et
1232 3439 1418 3506 Ciceronem
1441 3438 1519 3503 luna
1541 3443 1573 3502 et

293 3551 338 3616 sol
358 3557 432 3616 ante
452 3556 573 3616 ceteras
591 3551 707 3632 stellas,
727 3549 813 3634 apud
823 3547 984 3614 Achillem
995 3552 1032 3632 (c.
1044 3550 1097 3630 17)
1115 3553 1187 3632 post
1205 3568 1259 3612 eas
1279 3551 1526 3612 commemorant
1564 3595 1572 3611 .

294 3657 368 3743 Qua
391 3681 486 3724 exre
509 3681 573 3725 non
596 3657 847 3724 concludendum
871 3662 927 3738 est,
951 3656 1078 3722 subesse
1102 3655 1247 3720 Platonis
1270 3655 1427 3737 integram
1451 3653 1572 3734 seriem,

381 3803 404 3870 ²)
424 3801 543 3856 Omnino
571 3800 691 3856 Graecos
718 3801 818 3854 multas
846 3817 889 3854 res
914 3799 950 3853 ad
973 3798 1166 3853 astronomiam
1185 3796 1352 3866 pertinentes
1371 3797 1405 3850 ab
1425 3793 1573 3866 Aegyptiis

291 3878 429 3928 mutuatos
448 3890 506 3928 esse
525 3890 606 3928 nemo
624 3877 714 3942 negat.
734 3873 769 3927 cf.
787 3872 885 3940 Zella,
905 3870 978 3925 Phil.
993 3871 1020 3924 d.
1035 3869 1300 3938 Gr.1,1⁵,37-to;
1320 3872 1381 3923 303.
1418 3866 1572 3922 Nonnullos

292 3945 375 3999 affero
394 3944 470 4000 locos
490 3945 525 3998 ed
542 3944 614 3999 hano
633 3945 827 4014 quaestionem,
846 3961 915 4012 quos
934 3961 969 3996 ex
987 3941 1084 3996 studiis
1102 3941 1171 3995 meis
1189 3941 1218 3994 in
1233 3939 1348 3994 transitu
1357 3939 1464 4009 collegi.
1500 3937 1572 3992 Plet.

291 4016 374 4086 Epin.
385 4021 436 4071 987
443 4035 540 4086 seqq.;
560 4016 676 4071 Aristct.
687 4016 721 4070 de
731 4015 807 4070 eaelo
817 4014 858 4084 ΙΙ,
880 4019 921 4083 12,
940 4017 1027 4082 292ος
1048 4013 1170 4083 Simplic.
1180 4013 1210 4067 in
1219 4012 1305 4066 Arist.
1316 4011 1350 4065 de
1360 4010 1436 4065 cselo
1457 4008 1480 4075 Ι,
1500 4015 1525 4079 3,
1544 4029 1572 4079 p.

294 4092 389 4157 ruas
410 4093 437 4142 et
456 4087 497 4158 11,
518 4092 560 4157 12,
578 4108 605 4158 p.
624 4091 721 4158 lerna
740 4087 877 4156 Heiberg;
896 4085 999 4140 onom.
1020 4089 1110 4154 rasa
1131 4087 1209 4151 mar
1226 4084 1260 4152 Ζ;
1282 4083 1360 4137 roeo
1370 4083 1427 4137 sm.
1439 4086 1516 4150 une
1527 4099 1571 4149 σῃ

292 4160 365 4214 Ach.
384 4161 417 4214 is.
436 4177 461 4214 c.
481 4164 505 4227 1,
523 4180 552 4230 p.
572 4165 633 4229 27,5
652 4158 697 4228 M;
726 4157 833 4214 Gemin.
854 4177 878 4213 c.
896 4156 982 4226 VIII,
1001 4176 1028 4226 p.
1050 4159 1188 4210 106-110
1208 4155 1288 4222 Μοος
1318 4155 1410 4209 Schol.
1430 4153 1473 4208 ad.
1492 4153 1572 4208 Arati

291 4251 317 4287 v.
336 4235 397 4302 752,
415 4251 444 4301 p.
463 4235 559 4300 478,st
581 4232 620 4301 bl,
649 4236 676 4286 et
705 4231 741 4285 ed
764 4249 790 4285 v.
808 4233 869 4300 924,
888 4249 916 4299 p.
935 4232 987 4284 512
1006 4227 1051 4297 Μ;
1080 4227 1152 4282 Plio.
1173 4225 1406 4297 n.h.11‚§88;
1435 4225 1498 4280 Son.
1516 4228 1571 4278 nat.

293 4309 396 4373 quaest.
416 4301 484 4373 VII,
503 4307 547 4372 3,2
567 4322 606 4372 sq.
626 4303 749 4357 Chalcid.
769 4321 793 4357 c.
814 4305 866 4355 125
883 4301 967 4356 Mull.
987 4329 1021 4341 -κ

379 4375 402 4479 ἰ)
419 4376 516 4444 Zeller,
535 4374 607 4500 Phlil.
627 4375 653 4429 d.
674 4373 721 4430 Gr.
739 4373 798 4443 ΠΙ,
820 4373 855 4443 1³,
874 4392 901 4443 p.
922 4375 1073 4426 631-647.

395 4448 519 4515 lZeller,
550 4488 556 4500 .
587 4488 593 4502 .

382 4517 405 4589 ⁴)
425 4518 673 4574 CautissimeThso
692 4535 820 4572 numeros
838 4521 946 4572 tractat.
982 4514 1114 4584 Ubique
1128 4531 1271 4568 numerum
1279 4529 1403 4567 nonesse
1414 4515 1572 4566 accuratum

290 4609 407 4664 indicat:
442 4593 582 4676 μάλιστα,
614 4593 712 4676 ἔγγὺς,
737 4593 783 4664 ὡς
805 4591 840 4656 τὸ
864 4592 938 4655 ὅλον
961 4591 1063 4663 εἰπεῖν,
1087 4589 1193 4670 ὀλίγου
1218 4588 1289 4662 δεῖν,
1314 4587 1473 4669 σύνεγγυς,
1495 4586 1568 4668 παρ’

291 4685 403 4766 otiyov.
449 4699 521 4757 Item
540 4699 637 4760 Cicero
656 4701 744 4756 tribus
761 4698 830 4758 loeis
852 4698 953 4771 „fer0“‚
971 4713 1026 4751 uno
1044 4695 1107 4752 loco
1128 4698 1175 4762 „ut
1192 4693 1317 4763 opinor“.
