3632 5144
780 335 1000 399 ..19-

240 534 410 617 μένων(9ο.
421 531 593 615 σωμάτων)
603 531 785 613 συμπάθεια
795 532 838 602 τίς
852 533 938 606 ἔστιν,
963 535 994 596 εἴ
1017 556 1055 613 γε
1079 533 1266 595 δακτύλου
1289 535 1523 615 τεμνομένου

241 640 281 704 τὸ
305 641 393 704 ὅλον
417 639 695 703 συνδιατίθεται
719 643 836 721 σῶμα.
883 635 1024 702 οΙΑΙεΧ.
1044 635 1187 720 Aphrod.
1208 637 1247 702 de
1270 639 1378 704 anima
1400 637 1517 723 (Suppl

246 743 382 812 Aristot
413 745 460 827 Π,
490 747 530 827 1),
552 767 581 828 p.
607 746 723 826 100,1
749 765 814 828 sqq.
846 743 963 815 Brome.
990 749 1023 809 et
1050 744 1089 810 de
1111 745 1262 810 mixtione
1287 766 1311 809 c.
1338 748 1378 810 10
1402 744 1517 830 (Suppl

246 843 347 919 Arist
369 852 418 936 ΙΙ,
441 853 482 935 2),
504 875 534 936 p.
554 854 628 933 223,
647 855 689 918 32
708 851 825 917 Bruns
863 850 929 918 Cic.
949 851 988 916 de
1008 852 1069 917 div.
1088 850 1134 934 ΙΙ,
1155 855 1206 934 14,
1225 850 1363 940 331343)
1410 853 1525 936 ZeHer,

242 960 326 1026 Phil.
351 960 381 1026 d
401 958 458 1028 Gr.
477 959 543 1039 HI,
564 958 607 1042 1³,
628 961 691 1025 169
715 965 748 1024 et
770 982 800 1024 n.
820 961 849 1024 2.
874 957 1076 1025 Oleomedem
1099 979 1223 1042 quoque
1246 980 1321 1026 voce
1344 962 1525 1043 συμπάθεια

241 1067 302 1133 hoc
325 1089 420 1133 sensu
442 1067 489 1133 uti
512 1065 590 1131 mihi
613 1071 663 1132 est
684 1086 884 1150 persuasum3
917 1067 1024 1150 itaque
1055 1065 1106 1130 his
1139 1087 1178 1130 ex
1208 1066 1311 1132 verbis
1335 1067 1380 1131 nil
1403 1065 1526 1132 efficere

242 1175 338 1241 velim
371 1175 432 1239 nisi
463 1174 558 1240 haec:
604 1173 705 1239 Totus
737 1173 874 1239 mundus
904 1173 1181 1257 comprehenditur
1203 1179 1319 1239 ustura
1342 1179 1437 1258 etque
1460 1179 1527 1238 tem

243 1288 310 1347 erto
343 1281 486 1367 singrlse
518 1287 625 1366 portes
657 1280 767 1346 mundi
799 1281 883 1346 inter
914 1302 947 1346 se
980 1279 1157 1362 cohaerent,
1189 1287 1226 1346 ut
1256 1282 1283 1346 si
1306 1302 1371 1346 une
1393 1281 1526 1362 laborat,

243 1391 341 1455 etiem
365 1388 466 1455 altere
488 1389 619 1455 luberet
665 1386 762 1454 Hanc
781 1409 854 1455 vero
873 1411 942 1454 esse
961 1388 1140 1473 generalem
1152 1387 1330 1455 Stoicorum
1349 1387 1527 1454 doctrinam

244 1498 354 1562 stetim
377 1496 581 1562 menifestum
603 1501 661 1576 est,
683 1493 721 1561 ct
743 1492 838 1560 Alex.
861 1492 1007 1581 Aphrod.
1020 1469 1079 1560 ⁵de
1107 1496 1258 1561 mixtione
1282 1517 1307 1561 c.
1332 1500 1351 1562 3
1375 1501 1408 1560 et
1432 1498 1473 1562 10
1496 1519 1526 1579 p.

243 1606 318 1687 216,
345 1607 387 1670 14
410 1625 456 1687 sq.
488 1609 521 1669 et
552 1605 627 1685 223,
651 1605 671 1668 6
695 1624 739 1686 sq.
772 1602 888 1685 Eume,
913 1603 977 1682 ,ubi
1010 1602 1206 1689 Chrysippus
1237 1602 1332 1668 huius
1365 1603 1527 1669 doctrinae

243 1711 396 1777 laudetur
419 1716 542 1791 auctor3
570 1709 676 1776 Laert.
700 1709 795 1794 Diog.
819 1709 899 1794 VH,
924 1714 988 1777 148
1011 1711 1106 1794 φύσιν
1130 1762 1136 1775 .
1161 1763 1167 1774 .
1193 1762 1199 1774 .
1223 1712 1450 1795 ἀποφαίνονται
1474 1713 1532 1794 (se⁸

245 1817 357 1901 Stoici)
386 1819 443 1904 τὴν
472 1820 667 1903 συνέχουσαν
689 1817 743 1883 τδν
766 1819 905 1904 κόσμον;
929 1817 1015 1883 Plut.
1038 1817 1077 1883 de
1099 1817 1166 1884 fato
1190 1839 1215 1883 c.
1240 1821 1292 1901 11,
1317 1821 1382 1884 574
1404 1817 1448 1883 Ε;
1494 1819 1530 1882 τδ

244 1927 336 2011 φύσει
374 1927 559 1991 διοικεῖσθαι
595 1926 686 1990 τόνδε
722 1925 776 1991 τὸν
808 1926 931 2011 κόσμον
964 1927 1129 2010 σύμπνουν
1161 1927 1215 1990 καὶ
1247 1927 1404 2010 συμπαθῆ
1435 1925 1531 1990 αὐτὸν

245 2035 334 2117 αὑτῷ
357 2035 440 2098 ὄντα.

341 2140 489 2223 Denique
518 2138 604 2224 apud
634 2138 836 2206 cleomedem
863 2140 1013 2224 leguntur
1034 2140 1114 2205 haec
1137 2143 1271 2223 (4,2--4
1296 2137 1350 2220 Z):
1397 2138 1534 2204 Exstare

251 2253 399 2314 naturam
422 2253 556 2332 apparet
577 2249 613 2312 ἐκ
637 2255 693 2313 τοῦ
716 2250 830 2312 ἕκαστα
853 2249 935 2333 πρός
957 2274 983 2312 τι
1005 2250 1197 2332 πεποιῆσθαι
1227 2254 1260 2312 ct
1288 2249 1324 2312 ἐκ
1350 2253 1406 2312 roci
1434 2249 1534 2312 πάντα

251 2357 569 2440 μεναλωφελεστάτας
595 2357 790 2441 παρέχεσθαι
817 2356 871 2427 τὰς
898 2357 1013 2440 χρείας.
1061 2353 1180 2421 Omnia
1211 2355 1308 2438 igitur
1339 2376 1420 2438 quae
1452 2360 1534 2437 sunt,

252 2485 344 2528 usum
367 2467 400 2528 et
421 2460 517 2527 finem
540 2462 698 2545 quendam
722 2468 868 2546 spectent
891 2468 986 2547 atque
1010 2468 1085 2528 suut
1106 2463 1283 2544 utilissime,
1312 2461 1397 2545 quod
1425 2483 1534 2527 omues

253 2568 378 2637 Stoicos
401 2569 544 2635 docuisse
567 2569 733 2652 constnt');
758 2574 791 2635 et
812 2570 942 2653 quidem
961 2570 1109 2636 emundi
1128 2569 1322 2636 notruehoc
1341 2567 1423 2635 effici
1443 2569 1534 2636 Oloo-

252 2678 359 2742 medcs
383 2682 498 2743 censet
523 2676 751 2760 cognoscimus
773 2677 871 2762 igitur
889 2677 1062 2743 secundum
1084 2676 1285 2744 Oleomedem
1302 2682 1450 2743 naturam
1467 2698 1534 2742 esse

252 2783 395 2867 eandem,
418 2806 514 2868 quem
537 2783 629 2850 aliter
651 2789 767 2850 vocent
787 2786 940 2869 πρόνοιαν
963 2786 1012 2851 vel
1035 2792 1111 2852 νοῦν
1134 2785 1184 2850 vel
1206 2781 1342 2868 loyov.⁸)'

341 2890 470 2958 Natura
501 2892 599 2975 igitur
627 2891 819 2959 Oleomedee
851 2931 894 2942 -—
926 2899 963 2959 ut
986 2892 1289 2977 comprehendamus
1313 2893 1428 2973 omnia,
1451 2914 1533 2976 quae

252 3021 337 3065 nunc
360 2998 520 3065 effecimus
553 3037 595 3049 -
629 3005 678 3064 est
707 3020 805 3065 cause
827 3001 967 3066 omnium
989 3022 1095 3066 rerum
1118 3021 1199 3084 quee
1222 2999 1304 3064 fiunt
1326 3006 1359 3064 et
1381 3006 1463 3081 sunt,
1486 3004 1535 3064 est

255 3113 394 3189 actenus,
413 3107 521 3172 anima
536 3106 655 3188 mundi,
674 3105 761 3187 deus,
779 3113 882 3173 totum
900 3108 1065 3173 continens
1084 3107 1246 3190 mundum,
1270 3112 1319 3172 est
1337 3106 1535 3191 providentie

252 3220 285 3278 et
316 3215 406 3294 ratio,
438 3215 535 3279 immo
567 3235 640 3280 vero
673 3214 784 3279 endem
814 3235 883 3280 esse
911 3214 1006 3280 debet
1029 3220 1123 3298 etque
1147 3217 1319 3299 εἱμαρμένη
1345 3212 1533 3294 Stoicorum,

253 3343 351 3387 causa
382 3321 467 3386 enim
499 3326 548 3386 cst
578 3329 632 3406 τῆς
663 3328 728 3386 τῶν
760 3325 935 3406 γινομένων
966 3321 1120 3404 τάξεωςέ)
1165 3321 1280 3404 Itaque
1312 3342 1333 3385 a
1365 3319 1534 3387 Cleomcde

252 3429 380 3493 minime
403 3427 539 3494 discerni
562 3429 706 3495 notiones
729 3428 801 3495 illes
824 3430 1050 3514 cognoscimus,
1073 3451 1153 3513 quas
1176 3428 1270 3494 modo
1293 3429 1488 3494 enumeravi.¹

341 3535 420 3601 Jem
443 3534 615 3620 videamus,
638 3535 795 3620 quomodo
817 3539 905 3604 notio
927 3538 1021 3621 φύσις
1044 3559 1065 3602 o
1087 3537 1219 3622 singulis
1243 3536 1390 3620 deinceps
1419 3534 1535 3602 Stoicis

341 3715 365 3784 ¹)
383 3713 491 3771 Eodem
509 3732 589 3770 sensu
598 3719 678 3784 etque
688 3714 731 3770 his
748 3714 819 3770 locis
837 3732 893 3770 vox
915 3700 1097 3783 συμπάθεια
1108 3715 1233 3770 adhiberi
1241 3715 1348 3770 videtur
1358 3714 1432 3784 opud
1440 3713 1532 3768 Lnert.

251 3802 421 3875 Diog.V11,
442 3809 502 3875 lor,
522 3804 570 3860 ubi
588 3804 731 3876 agiturne
748 3805 939 3862 daemonibus:
973 3789 1126 3872 δαίμονας
1136 3790 1322 3872 ἀνθρώπων
1332 3788 1532 3870 συμπάθειαν

251 3880 387 3963 ἔχοντας·
425 3894 548 3950 Richard
565 3894 672 3949 Heinze
690 3892 881 3964 (Xeuolxrctcc,
900 3893 1017 3964 Leipzig
1037 3898 1114 3949 1892.
1132 3913 1160 3964 p.
1183 3897 1245 3964 100)
1262 3894 1409 3963 intellegit:
1448 3891 1529 3960 „Mit-

250 3965 353 4036 gcfflhl,
381 3966 430 4022 des
455 3966 500 4021 die
528 3964 672 4021 Demonen
697 3965 747 4021 der
764 3965 875 4021 Stoiker
892 3967 936 4020 fih-
953 3967 998 4021 die
1017 3966 1168 4022 Menschen
1187 3966 1374 4036 cmpfinden“;
1403 3965 1530 4035 equidem

251 4037 294 4094 hio
312 4038 402 4093 verbi!
419 4038 536 4094 indicari
553 4045 631 4108 puto,
659 4036 807 4092 doemones
824 4037 924 4093 iisdem
943 4037 1017 4093 usfiei
1036 4038 1178 4094 effectibus
1196 4044 1278 4107 etque
1296 4038 1429 4107 homines,
1457 4054 1531 4092 eom-

251 4109 353 4178 pcrotie
371 4109 414 4236 bip
430 4109 514 4252 hosis:
551 4109 624 4165 Plut.
652 4109 687 4164 de
712 4108 757 4165 δε.
780 4114 809 4164 ct
831 4109 902 4165 Osir.
922 4127 946 4165 c.
965 4113 1009 4179 25,
1028 4114 1080 4164 300
1099 4109 1161 4165 ΒΕ.
1180 4109 1303 4165 Chalcid.
1322 4110 1351 4163 in
1369 4108 1439 4163 Plot.
1459 4107 1530 4162 Tim.

251 4197 276 4236 c.
297 4183 378 4250 130(
411 4199 430 4236 ιι
451 4222 477 4237 ..

260 4329 263 4339 ,
339 4268 364 4339 ²)
382 4269 472 4326 chler
488 4271 506 4326 1.
525 4271 543 4326 l.
563 4268 620 4341 111,
642 4269 678 4339 1³,
696 4288 725 4340 p.
747 4273 810 4340 1713
829 4270 938 4341 Arnim,
958 4271 1043 4327 Stoic.
1062 4276 1116 4328 vot.
1135 4271 1170 4326 fr.
1189 4270 1233 4341 ΙΙ,
1252 4289 1279 4326 n.
1300 4273 1486 4326 1140-1107.

341 4358 365 4429 ³)
384 4359 419 4416 of.
437 4360 529 4416 Leert.
548 4358 633 4431 Diog.
651 4358 720 4430 VII,
742 4363 792 4414 138
812 4365 880 4416 extr.

339 4447 361 4515 ⁴)
379 4448 444 4505 Act.
461 4450 534 4520 pluo.
551 4448 578 4521 Ι,
596 4454 639 4520 28,
657 4454 683 4520 3,
702 4467 730 4520 p.
749 4453 810 4521 323,
832 4454 865 4506 10
883 4448 957 4506 Dox.
976 4449 1053 4505 Diels
1072 4434 1261 4520 Χρύσιππος
1284 4433 1417 4516 δύναμιν
1434 4456 1528 4496 πνευ-

249 4523 384 4607 ματικὴν
406 4523 461 4608 τὴν
484 4525 593 4589 οὐσίαν
611 4531 665 4608 τῆς
683 4526 882 4608 εἱμαρμένης,
905 4524 1005 4598 τάξει
1032 4532 1096 4588 τοῦ
1119 4524 1258 4594 παντὸς
1282 4523 1528 4604 διοικητικήν,

250 4609 274 4676 Ι,
293 4614 337 4682 27,
356 4613 382 4681 1,
400 4628 429 4681 p.
446 4615 501 4668 322
531 4617 561 4666 11
582 4611 619 4667 Ι).
638 4611 695 4668 Cic.
714 4611 749 4668 de
767 4617 823 4673 not,
843 4613 918 4668 deor.
936 4611 961 4682 I,
981 4617 1024 4682 2⁰,
1045 4618 1090 4682 99,
1110 4613 1144 4666 de
1155 4613 1238 4668 divin.
1249 4611 1272 4680 1,
1284 4617 1327 4678 09,
1340 4614 1398 4662 125.
1417 4607 1529 4664 Anum.

250 4683 337 4740 Stoio.
356 4691 410 4740 vot.
429 4652 566 4756 fr.1l,n.
586 4687 648 4754 912,
668 4687 731 4754 910,
749 4687 811 4754 913,
829 4689 890 4739 919.
