3632 5144
776 343 995 406 -29-

242 521 320 620 λέγει
344 538 378 602 δὲ
402 539 644 621 ὁἋλὲξανόρος
667 541 712 602 ὅτι
735 539 889 612 υδυνατὸν
912 541 1014 622 τούτῳ
1042 550 1088 623 τῷ
1119 543 1330 624 ἐπιχειρήματι
1360 542 1413 605 καὶ
1442 542 1523 625 πρὸς

241 644 313 715 τοὺς
335 645 500 716 Στωικοὺς
529 647 709 729 χρήσασθαι
738 648 867 729 ἄπειρον
897 646 989 711 κενὸν
1018 648 1163 728 λέγοντας
1186 648 1275 718 ἐκτὸς
1296 650 1447 731 περιέχειν
1469 649 1523 714 τὸν

241 752 372 834 κόσμον.
419 753 469 815 διὰ
499 753 528 815 τί
556 753 615 835 γὰρ
647 754 777 835 ἀπείρου
809 755 898 824 ὄντος
927 761 982 817 τοῦ
1013 760 1107 818 κενοῦ
1131 756 1267 818 ἐνταῦθα
1292 753 1330 818 οὗ
1355 757 1415 819 ἐστι
1438 758 1523 838 μένει

242 861 259 922 ὁ
283 861 405 941 κόσμος
427 860 480 922 καὶ
504 861 542 923 οὐ
565 861 705 942 paparum
729 864 748 942 ἢ
773 863 801 924 εἰ
821 863 955 944 φέρεται,
979 864 1007 924 τί
1027 862 1146 943 μᾶλλον
1170 864 1306 926 ἐνταῦθα
1330 866 1350 944 ἢ
1370 863 1522 945 ἀλλαχοῦ;

241 966 276 1029 τὸ
300 966 360 1049 γὰρ
384 966 476 1030 κενὸν
499 967 677 1049 ἀδιάφορον
700 968 753 1030 καὶ
777 969 899 1050 ὁμοίως
921 970 1050 1032 ὑπεῖκον
1072 977 1223 1052 πανταχῇ.
1270 971 1299 1032 εἰ
1316 969 1349 1032 δὲ
1372 970 1522 1050 λέγουσιν,

241 1075 287 1135 ὅτι
312 1081 363 1156 τῆς
391 1075 487 1147 ἕξεως
516 1081 570 1157 τῆς
602 1077 697 1157 αὐτῆς
729 1075 824 1139 αὐτὸν
857 1076 1049 1159 συνεχούσης
1079 1077 1174 1157 μένει,
1206 1075 1288 1158 πρὸς
1319 1076 1378 1158 μὲν
1409 1076 1444 1140 τὸ
1476 1076 1521 1159 μὴ

241 1181 473 1244 σκεδάννυσθαι
488 1183 584 1245 αὐτοῦ
608 1183 644 1245 τὰ
664 1182 760 1264 μόρια
780 1183 833 1246 καὶ
853 1183 1026 1246 ὃιασπᾶθαι
1044 1183 1098 1245 καὶ
1116 1183 1191 1246 ἄλλο
1211 1183 1349 1265 ἀλλαχοῦ
1369 1185 1523 1266 φέρεσθαι

241 1290 404 1370 συνεργοίη
437 1289 476 1352 ἅν
508 1314 534 1351 τι
566 1291 642 1359 ἴσως
674 1291 693 1371 ἡ
727 1291 795 1362 ἕξις·
827 1289 909 1372 πρὸς
933 1289 1024 1354 δὲτὸ
1054 1291 1128 1354 ἕλον
1151 1289 1228 1372 μετὰ
1251 1297 1305 1374 τῆς
1329 1291 1522 1373 συνεχούσης

240 1397 337 1469 ἕξεως
359 1397 470 1476 μένειν,
495 1395 571 1459 ἀλλὰ
589 1396 634 1478 μὴ
655 1397 817 1478 φέρεσθαι,
842 1397 935 1461 οὐδὲν
959 1399 1000 1461 ἕιι
1022 1401 1042 1480 ἡ
1067 1400 1128 1472 ἕξις
1149 1399 1299 1481 ποιήσει.“
1343 1396 1406 1462 Est
1427 1397 1524 1480 igitur

241 1500 352 1566 eadem
372 1513 493 1585 pugna,
517 1523 598 1584 quae
623 1501 708 1584 apud
733 1501 935 1568 Oleomedem
959 1503 1103 1582 traditur,
1127 1503 1183 1569 sed
1201 1527 1241 1568 cx
1257 1509 1348 1588 parte
1358 1504 1521 1588 Peripate·

240 1609 374 1675 tinorum
393 1609 543 1692 exposita.
590 1608 682 1673 Idem
703 1607 819 1675 Stoicis
838 1610 878 1675 ab
897 1609 1085 1676 Alexandro
1105 1613 1282 1696 opponitur,
1306 1617 1417 1677 contra
1435 1611 1521 1695 quod

242 1715 427 1782 Oleomedes
451 1717 570 1800 <10,15)
594 1716 743 1798 decertat,
774 1739 875 1801 neque
899 1739 972 1783 vero
996 1724 1106 1783 contra
1128 1718 1213 1784 hanc
1236 1718 1521 1803 Peripateticorum

240 1823 447 1890 obiectionem
480 1823 567 1906 apud
598 1821 796 1907 Simplicium
826 1824 911 1889 idem
935 1824 1114 1892 Stoicorum
1138 1831 1359 1910 argumentum
1383 1825 1521 1908 affertur,

239 1953 301 2014 quo
335 1930 521 1998 Cleomedes
555 1930 696 1996 defendit
726 1930 906 1998 Stoicorum
936 1934 1133 1998 sententiam.
1179 1932 1365 1999 Alexander
1394 1935 1522 1998 anima

241 2037 357 2104 Stoicis
380 2041 442 2113 ἕξιν
465 2038 526 2103 hac
549 2039 582 2102 in
606 2060 703 2103 causa
725 2041 842 2104 iniuria
865 2040 1031 2123 praetendi
1051 2040 1135 2122 dicit,
1160 2039 1347 2107 Cleomedon
1365 2063 1438 2106 vero
1457 2062 1521 2106 non

240 2148 301 2220 ἕξιν
325 2152 436 2211 contra
458 2145 687 2229 Peripateticos
710 2145 809 2227 affert,
840 2146 897 2212 sed
919 2154 1039 2213 motum
1063 2153 1205 2213 centnun
1227 2153 1395 2232 petentem.
1436 2149 1521 2222 Ἕξιν

240 2259 347 2318 autem
380 2252 566 2320 Cleomedes
598 2253 729 2319 adhibet
760 2256 1009 2338 (ram-mn),
1042 2260 1078 2320 ut
1107 2254 1347 2339 Peripateticos,
1380 2255 1406 2319 si
1439 2260 1523 2320 esset

242 2382 385 2442 vacuum,
409 2362 543 2426 materia
566 2361 598 2424 in
622 2359 780 2426 infinitum
805 2361 952 2446 dissipari
974 2368 1007 2427 et
1029 2361 1162 2427 distrahi
1190 2363 1306 2428 iniuria
1331 2350 1444 2447 putare
1468 2362 1520 2428 de·

240 2472 401 2532 monstret.
446 2467 556 2533 Etiam
578 2467 765 2534 Alexander
787 2469 932 2535 concedit
961 2470 1028 2534 iure
1057 2491 1183 2536 censere
1207 2454 1331 2536 Stoicos
1358 2469 1520 2554 perhanc

240 2580 373 2640 naturae
392 2576 454 2640 vim
478 2576 632 2641 mundum
650 2577 811 2642 contineri.
856 2575 973 2642 Nonne
991 2599 1092 2662 paene
1112 2578 1267 2661 corrigere
1286 2576 1410 2642 videtur
1430 2576 1521 2643 01εο-

221 2681 347 2747 ‘medes
370 2684 482 2748 vitium
505 2683 546 2748 ab
569 2682 756 2750 Alexandro
779 2682 1016 2769 vituperatum?

329 2806 431 2873 Locos
454 2809 551 2892 igitur
574 2807 753 2876 Cleomedis
776 2811 1017 2895 (10,15—12,5)
1044 2815 1077 2875 et
1103 2808 1282 2874 Alexandri
1314 2811 1341 2874 si
1373 2810 1455 2875 inter
1488 2832 1521 2876 se

241 2936 468 2999 comparamus
501 2939 568 2981 rem
598 2919 645 2982 ita
677 2940 710 2983 se
741 2917 859 2984 habere
891 2918 1124 3000 cognoscimus:
1172 2916 1384 2984 Consentiunt
1419 2918 1521 3000 ambo,

241 3045 306 3087 uua
324 3045 357 3087 re
376 3030 516 3108 excepta,
536 3047 610 3089 nam
626 3024 811 3091 Oleomedes
829 3048 859 3109 p.
877 3028 1058 3106 lens—23
1079 3023 1166 3090 aliud
1184 3023 1281 3090 habet
1299 3031 1521 3110 argumentum

242 3151 279 3195 ac
298 3153 359 3214 quo
375 3129 561 3197 Alexander
576 3131 699 3198 Stoicos
718 3134 765 3198 uti
789 3132 938 3212 affirmat3
962 3132 1046 3196 unde
1069 3131 1238 3197 concludat
1260 3133 1426 3216 quispiam,
1449 3153 1521 3197 cum

243 3236 428 3303 Oleomodes
467 3238 539 3322 plus
577 3239 695 3304 habeat
727 3262 822 3324 quam
854 3239 1047 3321 Alexander,
1091 3238 1294 3305 Cleomedem
1331 3239 1521 3323 respondere

241 3343 436 3426 Alexandro,
465 3348 512 3410 ita
534 3353 570 3410 ut
592 3347 681 3411 illum
704 3348 817 3412 vixisse
841 3368 967 3413 necesse
991 3347 1032 3412 sit
1054 3352 1126 3431 post
1148 3345 1370 3430 philosophum
1393 3344 1520 3430 Aphro-

242 3451 419 3534 disiensem,
442 3455 497 3537 qui
520 3456 691 3538 posteriore
714 3454 844 3520 secundi
867 3478 896 3539 p.
913 3454 1027 3522 Chao.
1043 3454 1160 3519 saeculi
1184 3453 1314 3518 dimidio
1338 3453 1521 3536 inclaruit,¹)

242 3568 337 3644 atque
361 3563 427 3625 eius
450 3561 582 3626 sortasse
605 3563 778 3644 inspexisse
801 3562 905 3628 libros.
951 3562 1026 3627 Hoc
1053 3582 1244 3645 quamquam
1274 3561 1378 3626 valere
1408 3566 1520 3645 potest,

242 3668 267 3730 si
292 3667 481 3749 Arnoldum,
512 3671 565 3752 qui
593 3671 625 3732 in
655 3669 873 3735 dissertatione
895 3669 1027 3734 laudata
1051 3674 1092 3753 (p.
1119 3672 1160 3733 14
1184 3674 1217 3733 et
1241 3671 1292 3749 16)
1318 3667 1520 3735 Cleomedem

243 3775 424 3841 adhibuisse
447 3777 479 3839 in
503 3776 583 3841 libro
607 3799 663 3841 suo
687 3777 843 3842 celandum
862 3779 1034 3862 posteriore
1053 3777 1183 3841 alterius
1200 3776 1317 3840 saeculi
1327 3775 1521 3861 postchristi-

244 3885 296 3948 ani
330 3883 460 3949 dimidio
493 3889 595 3948 ortum
627 3885 734 3968 itaque
766 3886 869 3969 ipsum
903 3885 980 3950 dicit
1008 3890 1142 3950 exeunte
1170 3883 1218 3948 vel
1241 3883 1345 3949 medio
1369 3883 1468 3948 altero
1490 3906 1521 3967 p.

245 3991 319 4057 Ohr.
342 4015 372 4056 n.
396 3991 522 4056 saeculo
544 3991 648 4072 fuisse,
679 3992 879 4058 concedimus
901 3998 985 4058 recte
1009 3992 1195 4077 disputasse,
1226 3996 1331 4056 tamen
1355 4013 1414 4075 ege
1436 3991 1519 4056 hanc

246 4099 478 4165 conclusionem
500 4100 629 4163 reiciam
652 4098 701 4162 his
725 4099 763 4163 de
787 4101 904 4164 causis:

332 4224 367 4289 A
392 4223 560 4291 Oleomede
584 4220 766 4288 Aristotelis
798 4230 831 4290 et
859 4227 987 4290 omnino
1017 4224 1301 4309 Peripateticorum
1333 4224 1522 4288 sententiam

244 4333 327 4397 malo
360 4354 427 4397 esse
460 4332 653 4398 intellectam
684 4355 723 4396 ex
752 4333 819 4398 eius
843 4333 1115 4416 argumentatione
1139 4331 1222 4396 clare
1246 4336 1387 4414 apparet
1434 4331 1523 4395 Dicit

245 4442 328 4505 euim
353 4449 394 4524 (p.
420 4444 514 4522 10,20
539 4441 593 4524 Zl:
639 4447 668 4507 εἶ
697 4445 757 4526 γὰρ
788 4444 833 4526 μὴ
866 4443 901 4506 τὸ
934 4440 1009 4505 αὐτὸ
1041 4442 1139 4524 μέσον
1172 4440 1251 4522 εἶχεν
1279 4440 1297 4501 ὁ
1325 4440 1447 4522 κόσμος
1469 4439 1522 4502 καὶ

338 4622 359 4689 ¹)
379 4622 408 4674 ελ
433 4621 529 4684 ἕωλοι,
557 4621 602 4674 l.l
631 4619 686 4684 lll,
719 4585 763 4690 1³,
781 4639 808 4692 p.
837 4625 889 4674 ’ΠΒ
911 4639 949 4692 sq.
974 4619 1052 4690 adn.;
1089 4616 1195 4675 Gercke
1224 4617 1252 4671 in
1281 4616 1416 4672 Wissowa
1442 4614 1522 4670 Recl-

246 4690 358 4766 Eucyol.
379 4694 431 4750 vol.
451 4691 484 4768 Ι.1
506 4697 581 4767 1453,
603 4698 635 4751 14
655 4711 694 4764 eq.
