3632 5144
284 527 433 607 putatet
455 522 664 606 exscripsisse.
709 520 781 586 Iam
808 520 870 586 hae
897 518 1075 586 differentia
1106 541 1304 585 commoveor
1335 526 1371 586 ut
1402 541 1450 602 ea,
1482 542 1564 605 quae

286 627 457 696 effecenmt
478 628 537 694 viri
561 628 654 710 docti,
677 633 854 694 retractem.

374 758 403 820 2.
428 752 511 820 Tum
535 753 576 819 ad
599 753 781 838 diligentius
805 752 1027 837 inquirendum
1045 774 1243 818 commoveor
1260 773 1306 833 eo,
1329 751 1414 836 quod
1429 750 1564 818 Martini

285 866 319 927 et
350 860 487 926 Mueller
518 882 711 946 quamquam
748 865 929 925 statuerunt
961 858 1163 927 Oleomedem
1203 859 1349 925 exhibere
1389 859 1565 925 doctrinam

284 967 542 1050 Posidonianam,
574 968 789 1033 demonstrare
819 965 1033 1051 neglexenmt,
1066 966 1179 1050 quibus
1212 989 1251 1031 ex
1282 965 1445 1032 Posidonii
1476 965 1565 1032 libris

284 1074 433 1141 hauserit
480 1073 607 1141 Arnold
628 1096 701 1141 vero
724 1075 828 1161 ipsum
852 1080 1079 1140 commemorat
1105 1078 1146 1158 (p.
1173 1076 1212 1139 19
1237 1075 1330 1157 sqq.)1
1347 1073 1472 1155 librum,
1503 1093 1566 1157 quo

287 1181 489 1250 Oleomedem
521 1182 622 1248 credit
650 1203 718 1248 esse
752 1203 854 1264 usum,
885 1180 932 1247 sic
963 1180 1087 1247 locutus
1109 1184 1151 1266 (p.
1175 1183 1217 1247 20
1241 1185 1313 1264 sq.):
1360 1180 1503 1264 „Quibus
1527 1201 1567 1246 ex

285 1289 388 1356 verbis
420 1289 795 1374 (scil.116,28-118‚o)
827 1289 905 1354 satis
937 1294 1072 1373 apparet
1094 1287 1301 1354 Posidonium
1324 1287 1363 1352 de
1391 1287 1460 1354 sola
1491 1286 1566 1353 solis

287 1396 506 1482 magnitudine
534 1395 704 1462 confecisse
726 1395 842 1461 librum
865 1443 1029 1462 ......
1062 1417 1155 1479 quem
1185 1394 1300 1461 librum
1322 1394 1356 1459 in
1380 1393 1487 1460 libello
1510 1415 1567 1460 suo

289 1502 484 1570 conficiendo
507 1503 653 1570 adhibuit
676 1502 889 1571 Oleomedes.“

377 1629 580 1713 Itaqueiam
603 1650 668 1693 una
691 1627 855 1694 Posidonii
877 1629 1007 1694 inventa
1038 1633 1087 1692 est
1122 1628 1259 1713 scriptio,
1293 1649 1357 1712 qua
1380 1624 1567 1693 Oleomedes

286 1759 362 1803 usus
385 1758 453 1802 esse
476 1736 609 1818 videtur,
631 1735 711 1800 illud
732 1737 804 1820 περὶ
827 1736 916 1820 ἡλίου
939 1737 1098 1820 μεγέθους
1121 1737 1290 1818 σύνταγμα.

377 1860 524 1943 Mueller,
556 1862 610 1944 qui
634 1859 835 1927 Oleomedem
859 1860 887 1942 Ι,
912 1863 930 1926 1
954 1882 1074 1926 meram
1097 1861 1260 1926 Posidonii
1293 1860 1469 1925 doctrinam
1501 1880 1566 1923 am-

285 1968 414 2054 plexum
429 1971 497 2033 esse
516 1966 676 2047 iudicavit,
695 1967 734 2032 de
753 1968 831 2051 ipsis
849 1966 988 2033 fontibus
1008 1967 1052 2031 nil
1070 1967 1196 2052 profert
1243 1966 1465 2034 Ooncedamus
1484 1986 1568 2030 nune

286 2075 415 2160 quidem
437 2076 505 2140 eius
528 2075 718 2140 sententiam
736 2095 804 2139 esee
823 2096 939 2156 veram,
963 2079 996 2138 et
1014 2095 1211 2158 quaeramus,
1236 2075 1287 2139 cui
1305 2071 1470 2139 Posidonii
1487 2071 1568 2137 libro

286 2183 365 2248 haec
387 2204 470 2266 pars,
493 2203 558 2265 qua
582 2183 688 2265 agitur
710 2181 749 2246 de
773 2181 891 2246 mundo
909 2186 943 2246 et
960 2181 999 2246 de
1018 2202 1126 2262 vacuo,
1149 2180 1279 2246 attribui
1302 2180 1410 2265 possit
1455 2176 1566 2244 Antea

289 2296 396 2355 autem
419 2311 471 2354 me
493 2287 597 2354 facere
620 2309 692 2353 eum
714 2287 838 2360 Dielsio
862 2287 1021 2371 confiteor,
1044 2289 1098 2372 qui
1113 2286 1394 2372 (Doxogreraeci
1411 2284 1565 2370 (Berolini

290 2399 387 2478 1879)
417 2419 451 2481 p.
477 2398 497 2461 9
527 2401 561 2460 et
590 2397 666 2477 338)
698 2397 825 2479 optimis
848 2395 994 2479 probavit
1027 2396 1230 2478 argumentis
1261 2394 1467 2460 Posidonium
1502 2414 1565 2458 non

288 2505 448 2587 scripsisse
480 2502 596 2567 librum
629 2503 668 2567 de
700 2524 815 2583 vacu03
849 2525 887 2567 ea
916 2504 1001 2567 enim
1024 2501 1129 2574 verba.
1164 2524 1245 2587 quae
1269 2501 1356 2586 apud
1377 2500 1462 2566 Plut
1484 2499 1565 2585 plac

287 2609 363 2696 phil.
374 2610 420 2693 Π,
440 2612 490 2686 9,3
502 2615 636 2689 exstant
654 2612 689 2674 ἐν
706 2619 753 2694 τῷ
770 2612 890 2694 πρώτῳ
908 2611 979 2694 περὶ
997 2617 1101 2686 κενοῦ,
1125 2631 1194 2675 esse
1212 2610 1404 2694 interpolata
1426 2612 1566 2692 apparet

289 2756 331 2766 -
356 2715 423 2784 Sed
445 2716 575 2782 ubinam
597 2715 716 2801 profert
738 2739 827 2782 suam
851 2717 891 2782 de
913 2738 1014 2782 vacuo
1033 2714 1232 2782 doctrinam?
1277 2715 1445 2781 Habemus
1463 2714 1567 2779 locum

290 2824 412 2890 Laertii
433 2823 530 2908 Diog.
554 2823 633 2905 VH,
659 2825 743 2906 140),
772 2845 834 2907 quo
858 2824 1000 2907 quaestio
1024 2823 1208 2890 absolvitur:
1258 2824 1340 2908 Φησὶ
1363 2823 1398 2889 δὲ
1419 2823 1567 2906 περὶτοῦ

288 2939 383 2998 κενοῦ
407 2982 540 2997 .....
585 2931 802 3004 Ποσειδώνιος
831 2933 864 2996 ἐν
893 2933 1031 3016 δευτέρῳ
1053 2939 1109 2997 τοῦ
1132 2938 1270 3016 φυσικοῦ
1293 2931 1399 3014 λόγου.
1444 2929 1570 3012 Itaque

290 3041 318 3104 si
340 3045 483 3104 tenemus
516 3037 664 3103 Muelleri
696 3039 895 3120 sententiam,
924 3037 1109 3106 Oleomedes
1132 3037 1159 3121 I,
1186 3042 1201 3104 l
1227 3036 1374 3103 adhibuit
1396 3036 1569 3103 semmdum

290 3155 428 3232 φυσικοῦ
452 3147 549 3230 λόγου
572 3144 697 3210 librum.

379 3253 513 3318 Martini
536 3275 608 3318 cum
633 3249 835 3320 Cleomedem
858 3253 884 3334 13
909 3256 928 3318 2
953 3275 1016 3319 nou
1040 3253 1204 3319 Posidonii
1227 3252 1353 3337 scriptis
1376 3273 1444 3317 esse
1468 3271 1569 3332 usum,
1690 3341 1692 3346 ι

292 3360 349 3426 sed
371 3358 550 3444 philosophi
575 3359 704 3426 Oratete
728 3360 857 3425 iunioris
880 3361 1059 3444 exposuerit
1081 3359 1227 3439 (hucubr.
1251 3360 1323 3425 Pos.
1346 3383 1376 3444 p.
1401 3360 1486 3440 355),
1518 3379 1569 3422 ca·

291 3469 360 3552 pita
378 3468 491 3551 prioris
509 3466 582 3532 libri
599 3465 789 3534 IH.-VII.
800 3488 839 3531 ex
848 3466 1019 3534 Posidonio
1030 3467 1158 3532 fluxisse
1177 3472 1284 3533 censet
1301 3466 1411 3551 paucis
1429 3464 1571 3530 hustirlis

293 3575 434 3658 exceptis
466 3580 561 3657 atque
594 3574 633 3638 de
663 3573 802 3638 fontibus
825 3596 948 3658 qnoque
972 3597 992 3640 a
1016 3575 1184 3642 Oleomede
1208 3573 1358 3640 adhibitis
1381 3572 1571 3639 seutentiam

292 3681 461 3766 pr·ofert(p.
473 3682 563 3762 352):
594 3680 706 3761 „Duas
725 3682 847 3766 amplas
866 3683 1146 3748 commentationes
1164 3681 1329 3766 usurpavit
1346 3701 1426 3766 quas
1443 3679 1571 3764 quibus·

295 3789 370 3854 dam
401 3788 479 3854 locis
510 3786 720 3871 interpolavit,
751 3811 885 3872 quarum
917 3788 1018 3854 altera
1044 3795 1114 3855 erat
1136 3790 1175 3855 de
1198 3789 1360 3854 stellarum
1382 3785 1517 3853 fixarum
1539 3791 1573 3852 et

294 3896 467 3960 errantium
485 3900 582 3977 motu,
601 3894 702 3961 altera
716 3895 755 3960 do
765 3897 841 3962 anni
850 3897 1043 3981 temporibus
1053 3897 1153 3980 deque
1164 3896 1344 3962 adcretione
1352 3902 1386 3961 et
1393 3894 1572 3962 decretione

296 4003 415 4068 dienum
432 4003 660 4086 noctiumque.“
706 4002 824 4068 Statim
842 4009 967 4069 constat
983 4004 1042 4070 has
1060 4003 1211 4070 librorum
1221 4003 1505 4070 Posidonianorum
1523 4003 1571 4068 in·

296 4111 481 4195 scriptiones
496 4131 653 4193 nusquam
662 4110 754 4191 hedi,
774 4116 868 4193 atque
879 4110 1006 4177 difficile
1016 4112 1182 4195 audaxque
1191 4117 1241 4177 est
1249 4112 1428 4177 existimare
1440 4110 1572 4178 Posido·

295 4219 383 4283 nium
393 4216 569 4300 singulares
578 4216 675 4282 libros
684 4218 732 4282 sic
742 4219 909 4302 inscriptos
918 4217 1096 4284 coniecisse.
1125 4217 1202 4285 Non
1211 4225 1261 4284 est
1269 4225 1389 4285 certum
1399 4239 1476 4284 sane
1485 4219 1572 4285 testi·

297 4325 445 4405 monium,
461 4345 523 4407 quo
534 4322 718 4407 declaretur,
737 4323 791 4389 ubi
800 4323 990 4391 Posidonius
1000 4326 1039 4391 de
1050 4325 1212 4393 stellarum
1222 4333 1310 4393 motu
1319 4327 1427 4412 egerit
1450 4323 1574 4394 Tamen

296 4431 427 4497 illumin
435 4430 533 4512 libris,
551 4432 606 4515 qui
615 4437 690 4497 sunt
697 4433 768 4517 περὶ
776 4435 957 4518 μετεώρων,
976 4433 1134 4517 velineis,
1152 4435 1207 4519 qui
1216 4435 1351 4519 φυσικὸς
1359 4436 1455 4519 λόγος
1463 4435 1573 4503 inscii·

295 4538 477 4620 buntur‚vel
486 4539 520 4604 in
529 4545 662 4624 utraque
672 4541 828 4624 scriptura
837 4540 1015 4625 disputasse
1025 4540 1065 4607 de
1074 4542 1135 4608 hac
1143 4541 1350 4608 reverisimile
1359 4540 1573 4625 estelheert

297 4648 392 4732 Diog.
402 4645 481 4729 VII,
494 4650 570 4714 144:
594 4650 670 4715 εἶναι
685 4649 719 4714 δὲ
732 4649 787 4715 τὸν
795 4650 854 4734 μὲν
863 4650 950 4734 ἥλιον
959 4650 1116 4734 εἰλικρινὲς
1124 4657 1198 4736 πῦρ,
1212 4651 1361 4736 καθάπερ
1370 4650 1572 4736 φησὶΠοσει-
