3632 5144
771 305 990 366 -23-

328 496 380 563 Ac
403 520 442 562 ne
466 499 599 563 materia
622 519 679 582 per
701 519 836 563 vacuum
860 497 960 564 effusa
982 501 1016 563 in
1039 499 1197 565 infinitum
1225 500 1402 585 dissipetur,
1431 504 1517 586 quod

239 606 285 670 illi
309 604 504 670 contendunt
526 607 663 686 tertium,
688 626 725 670 eo
748 604 941 689 prohibetur,
965 607 1050 689 quod
1071 606 1169 672 habet
1192 609 1255 672 vim
1279 631 1312 673 se
1335 610 1516 676 continendi

240 718 272 778 et
295 712 511 778 conservandi.

328 819 469 903 Repellit
491 821 586 885 etiam
610 827 756 904 quartam
780 821 905 886 illonun
934 821 1184 903 obiectationem,
1212 845 1276 906 qua
1304 826 1518 907 pronuntiant,

239 927 333 1008 velut,
366 929 393 992 si
416 933 506 992 extra
528 928 682 993 mundum
705 929 747 993 sit
769 950 912 1008 vacuum,
944 927 978 992 id
1006 927 1165 994 infinitum
1189 951 1256 994 esse
1280 937 1433 1014 oporteat,
1464 933 1519 1013 ita,

241 1037 268 1100 si
292 1034 450 1100 infinitum
474 1035 516 1100 sit
538 1057 672 1100 vacuum
696 1041 788 1100 extra
811 1035 973 1117 mundum,
998 1056 1110 1119 corpus
1134 1058 1257 1120 quoque
1277 1037 1435 1102 infinitum
1454 1061 1522 1104 esse

239 1149 391 1226 oportere.
437 1140 550 1226 Neque
573 1145 657 1207 enim
680 1143 763 1224 inde,
787 1143 872 1227 quod
895 1165 1030 1208 vacuum
1054 1149 1102 1207 est
1121 1142 1288 1226 infinitum,
1312 1148 1461 1229 sequitur,
1486 1152 1524 1210 ut

240 1251 336 1316 etiam
359 1271 473 1334 corpus
497 1251 538 1315 sit
560 1249 727 1316 infinitum.
753 1289 795 1298 —-
818 1250 932 1334 ltaque
956 1256 1067 1315 contra
1090 1251 1287 1317 adversarios
1306 1273 1429 1336 quoque
1448 1275 1520 1337 pro-

238 1357 328 1423 bavit
350 1359 482 1422 existere
505 1379 649 1423 vacuum.

328 1469 357 1550 p.
381 1462 498 1530 Altera
529 1471 620 1549 parte
639 1468 890 1549 (ram—lohe
903 1465 944 1548 Z)
968 1465 1027 1531 sibi
1046 1465 1327 1533 demonstrandum
1345 1471 1517 1552 proposuit,

240 1575 286 1638 ὅτι
308 1574 343 1638 τὸ
366 1574 459 1638 κενὸν
483 1574 546 1637 ἀπὸ
570 1574 686 1645 παντὸς
707 1576 826 1657 μέρους
849 1576 974 1656 κόσμου
1007 1577 1058 1645 εἰς
1090 1577 1244 1657 ἄπειρον
1278 1576 1394 1659 διήκειν
1423 1579 1517 1659 ἀναγ-

241 1682 404 1745 καιότατον
428 1683 497 1756 ἐστι,
528 1686 565 1746 ut
593 1679 795 1747 Cleomedem
818 1681 933 1746 faciam
955 1680 1143 1764 loquentem.
1191 1680 1274 1747 Oum
1297 1684 1381 1747 enim
1405 1685 1521 1764 omnia,

242 1809 323 1872 quae
346 1786 438 1853 finita
461 1794 543 1870 sunt,
571 1790 603 1853 in
628 1788 723 1853 alieni
748 1789 870 1871 generis
894 1788 1045 1872 quiddam
1074 1788 1229 1870 desinant,
1257 1792 1354 1854 etiam
1376 1812 1520 1872 vacuum,

241 1896 267 1959 si
300 1894 424 1960 finitum
457 1902 513 1978 est,
551 1897 693 1962 desinere
726 1896 820 1962 debet
851 1898 885 1960 in
918 1899 1098 1980 ἐτερογενές,
1137 1897 1221 1980 quod
1255 1895 1371 1964 Graeci
1405 1898 1522 1963 dicunt.

240 2001 353 2086 Neque
376 2025 450 2069 vero
473 2005 641 2088 quicquam
664 2007 755 2069 vacui
778 2005 951 2089 ἑτερογενὲς
975 2004 1107 2087 cogitari
1130 2014 1247 2088 potesta
1281 2004 1315 2069 id
1348 2007 1431 2068 enim
1464 2011 1521 2070 aut

241 2131 426 2194 corporeum
455 2117 511 2177 aut
540 2113 759 2196 incorporeum
787 2119 843 2177 est.
891 2110 927 2178 Si
959 2131 1179 2195 corporeum
1210 2117 1300 2193 esset,
1331 2113 1524 2177 inveniretur

243 2223 336 2282 extra
367 2219 521 2284 mundum
553 2241 675 2304 corpus,
708 2219 793 2303 quod
825 2219 998 2284 secundum
1027 2219 1183 2284 rationem
1210 2219 1373 2304 physicam
1397 2220 1524 2284 omnino

241 2307 323 2389 fiori⁸
335 2347 399 2390 non
422 2332 534 2410 potest.
581 2327 753 2392 Praeterea
774 2327 855 2392 illud
877 2333 967 2391 extra
985 2327 1138 2391 mundum
1158 2348 1279 2411 corpur,
1303 2349 1365 2410 quo
1383 2326 1526 2392 finiretur

239 2455 383 2516 vacuum,
402 2435 503 2518 ipsum
524 2456 648 2518 quoque
668 2437 889 2500 terminaretur
907 2456 1016 2516 vacuo,
1041 2444 1135 2518 atque
1154 2435 1214 2499 hoc
1233 2435 1367 2500 alterum
1384 2456 1518 2501 vacuum

239 2541 354 2606 iterum
378 2563 507 2626 corpore
531 2548 563 2607 et
586 2543 630 2607 sic
653 2544 686 2606 in
710 2540 877 2624 infinitum,
901 2564 982 2626 quae
1008 2543 1165 2607 sententia
1183 2547 1232 2606 est
1249 2543 1344 2626 plane
1362 2564 1519 2627 perversa.

231 2645 277 2714 ‘Si
294 2649 656 2733 incorporeumesset‚
667 2649 883 2733 quaerendum
893 2655 949 2732 est,
959 2649 1036 2733 quid
1046 2651 1095 2714 sit
1140 2650 1270 2734 Χρόνον
1280 2651 1328 2715 vel
1340 2653 1521 2734 ἐπιφάνειαν

240 2776 321 2838 quae
344 2755 527 2841 afferuntur,
551 2779 619 2823 esse
642 2756 721 2822 fines
745 2758 837 2822 vacui
860 2778 924 2822 non
949 2762 1195 2822 consentaneum
1218 2764 1274 2823 est.
1320 2758 1395 2842 Ipso
1421 2779 1520 2823 vacuo

239 2869 338 2929 restat
352 2869 388 2929 ut
401 2866 564 2931 terminari
578 2887 712 2956 vacuum
732 2870 887 2949 putemus,
910 2866 958 2928 ita
975 2870 1011 2928 ut
1030 2867 1178 2949 ἀπείρους
1208 2867 1386 2949 ἑτερότητας
1418 2871 1520 2931 κενῶν

239 2975 430 3053 statuamus3
454 2973 539 3056 quod
562 2979 721 3038 extremae
747 2979 796 3037 est
818 2972 979 3038 stultitiae.

330 3079 423 3145 Haec
446 3086 528 3163 sunt,
552 3103 633 3164 quae
658 3103 678 3145 a
702 3080 873 3147 Cleomede
891 3075 1098 3164 'proferuntur
1122 3078 1160 3144 de
1184 3099 1282 3144 vacuo
1305 3078 1438 3144 infinito.

329 3191 358 3253 3.
383 3187 543 3254 Oonemur
573 3187 668 3253 huius
698 3187 860 3253 doctrinae
884 3189 1006 3272 aperire
1030 3188 1140 3253 fontes.

328 3321 357 3360 α.
380 3295 530 3361 Fortasse
559 3295 640 3360 effici
668 3301 801 3379 possunt
824 3296 889 3360 iam
911 3295 1066 3360 nonnulla
1084 3317 1123 3359 ex
1142 3293 1407 3378 contemplatione
1427 3317 1519 3378 argu-

166 3487 169 3490 .
239 3408 425 3485 mentorum,
448 3403 562 3487 quibus
580 3425 715 3468 vacumn
735 3425 802 3468 esse
822 3405 998 3487 eiqionitur,
1022 3409 1054 3467 et
1072 3425 1110 3466 ex
1128 3404 1199 3486 ipsa
1217 3403 1309 3466 vacui
1328 3401 1520 3467 definitione·

241 3508 325 3576 Sunt
351 3511 443 3576 multi
475 3510 545 3592 loci,
577 3511 692 3595 quibus
716 3509 895 3577 Stoicorum
919 3511 958 3575 de
982 3531 1082 3576 vacuo
1106 3510 1250 3575 doctrina
1273 3509 1456 3592 explicatur,
1489 3517 1521 3575 et

240 3619 385 3684 omnibus
402 3640 504 3702 paene
523 3619 634 3684 eadem
650 3618 819 3684 traduntur
836 3619 888 3683 hic
911 3619 1010 3683 firsius
1033 3618 1085 3682 hic
1107 3617 1240 3682 brevius.
1289 3615 1423 3682 Collecti
1447 3624 1521 3683 sunt

240 3725 281 3790 ab
306 3722 462 3807 AruimiO,
491 3725 587 3793 Stoic.
606 3731 665 3790 vet.
685 3725 721 3790 fr.
740 3726 787 3808 II,
806 3750 835 3810 p.
857 3729 1041 3806 162-164,
1060 3749 1089 3809 p.
1110 3728 1203 3790 170-
1223 3728 1296 3789 172.
1342 3723 1380 3788 cf.
1405 3724 1520 3806 Zeller,

240 3831 322 3898 Phil.
346 3833 376 3898 d.
400 3831 560 3900 Griechen
589 3834 655 3917 HI,
687 3834 730 3915 1³,
761 3858 790 3918 p.
817 3837 889 3914 180,
922 3835 994 3898 188.
1040 3832 1116 3897 Ηιιο
1148 3834 1215 3897 iure
1245 3831 1423 3897 referuntur
1451 3833 1521 3913 loci,

241 3943 296 4025 qui
320 3940 470 4007 exhibent
492 3941 670 4007 doctrinam
694 3942 733 4007 de
756 3942 824 4008 loco
850 3941 970 4025 (τόπος)
1000 3946 1067 4004 arte
1098 3940 1316 4005 cohaerentem
1347 3961 1417 4004 cum
1450 3961 1520 4023 pro-

240 4049 346 4132 posita
377 4049 417 4114 do
449 4071 548 4115 vacuo
589 4052 782 4133 quaestione.
814 4087 855 4097 —
890 4047 1047 4114 Omnibus
1080 4053 1187 4112 autem
1220 4047 1419 4131 perlustratis
1447 4069 1518 4131 cog-

240 4158 407 4238 noscimus,
440 4158 528 4223 nullo
559 4159 638 4239 loco,
672 4179 753 4241 quae
790 4157 895 4222 aliena
927 4158 991 4221 sint
1023 4155 1202 4238 areliquia
1234 4154 1393 4236 affirmari,
1424 4157 1519 4219 immo

241 4285 349 4329 omnes
382 4270 448 4330 tam
478 4266 595 4330 similes
628 4267 711 4330 inter
742 4287 775 4328 se
806 4286 882 4345 esse,
914 4270 950 4328 ut
971 4285 1070 4328 unum
1094 4260 1273 4328 Stoicorum
1296 4261 1518 4345 philosophum

240 4369 324 4436 hanc
347 4374 536 4438 sententiam
559 4374 780 4458 pronuntiasse
804 4371 999 4455 eandemque
1032 4375 1152 4436 ceteros
1179 4391 1247 4434 esse
1270 4374 1393 4434 secutos
1412 4370 1518 4433 verisi-

242 4477 316 4544 mile
339 4481 415 4561 sit¹l
462 4480 541 4564 Quis
565 4487 671 4547 autem
694 4480 788 4547 fuerit
805 4481 857 4545 hic
874 4501 965 4560 unus,
989 4501 1028 4544 ex
1046 4500 1107 4563 quo
1127 4478 1222 4543 ceteri
1239 4477 1387 4562 pendent,
1409 4478 1518 4543 statim

332 4607 352 4673 ¹)
370 4606 466 4675 Zeller,
486 4609 502 4660 l.
522 4607 539 4661 l.
559 4602 614 4674 III,
636 4606 671 4675 1⁸,
694 4609 752 4658 182.
791 4603 1021 4673 „Tiesergshendo
1051 4603 1296 4672 Untersuchungen
1324 4602 1451 4656 scheinen
1476 4601 1515 4656 sie

241 4677 309 4733 aba
327 4678 401 4734 dieue
420 4677 610 4753 degensttnde
629 4677 729 4750 (Reum
747 4677 804 4732 und
821 4677 894 4750 Zeit)
913 4677 990 4732 nicht
1008 4676 1151 4750 angestellt
1168 4693 1202 4730 zu
1220 4675 1333 4730 haben.“
