<?xml version="1.0" encoding="UTF-8"?>
<!DOCTYPE html PUBLIC "-//W3C//DTD XHTML 1.0 Transitional//EN"
    "http://www.w3.org/TR/xhtml1/DTD/xhtml1-transitional.dtd">
<html xmlns="http://www.w3.org/1999/xhtml" xml:lang="en" lang="en">
 <head>
  <title>
</title>
<meta http-equiv="Content-Type" content="text/html;charset=utf-8" />
  <meta name='ocr-system' content='tesseract 3.04.00' />
  <meta name='ocr-capabilities' content='ocr_page ocr_carea ocr_par ocr_line ocrx_word'/>
</head>
<body>
  <div class='ocr_page' id='page_1' title='image "./quaestionescleo00boergoog_0039.png"; bbox 0 0 3632 5144; ppageno 0'>
   <div class='ocr_carea' id='block_1_1' title="bbox 806 316 1027 381">
    <p class='ocr_par' dir='ltr' id='par_1_1' title="bbox 806 316 1027 381">
     <span class='ocr_line' id='line_1_1' title="bbox 806 316 1027 381; baseline 0 -14"><span class='ocrx_word' id='word_1_1' title='bbox 806 316 1027 381; x_wconf 75' lang='grc'>..32-</span> 
     </span>
    </p>
   </div>
   <div class='ocr_carea' id='block_1_2' title="bbox 260 511 1575 4036">
    <p class='ocr_par' dir='ltr' id='par_1_2' title="bbox 260 511 1575 4036">
     <span class='ocr_line' id='line_1_2' title="bbox 273 511 1552 598; baseline -0.004 -16"><span class='ocrx_word' id='word_1_2' title='bbox 273 517 364 582; x_wconf 88' lang='lat' dir='ltr'><strong>vacui</strong></span> <span class='ocrx_word' id='word_1_3' title='bbox 383 537 451 582; x_wconf 88' lang='lat' dir='ltr'><strong>esse</strong></span> <span class='ocrx_word' id='word_1_4' title='bbox 469 516 607 598; x_wconf 89' lang='lat' dir='ltr'><strong>positum</strong></span> <span class='ocrx_word' id='word_1_5' title='bbox 632 513 811 578; x_wconf 82' lang='lat' dir='ltr'><strong>affirmabat</strong></span> <span class='ocrx_word' id='word_1_6' title='bbox 821 511 916 598; x_wconf 91' lang='lat' dir='ltr'><strong>(Plut.</strong></span> <span class='ocrx_word' id='word_1_7' title='bbox 929 511 1054 580; x_wconf 80' lang='lat'>10540</span> <span class='ocrx_word' id='word_1_8' title='bbox 1078 512 1209 595; x_wconf 84' lang='grc'>4251)),</span> <span class='ocrx_word' id='word_1_9' title='bbox 1232 517 1339 578; x_wconf 87' lang='lat' dir='ltr'><strong>tamen</strong></span> <span class='ocrx_word' id='word_1_10' title='bbox 1369 533 1467 578; x_wconf 88' lang='lat' dir='ltr'><strong>causa</strong></span> <span class='ocrx_word' id='word_1_11' title='bbox 1489 534 1552 578; x_wconf 91' lang='lat' dir='ltr'><strong>non</strong></span> 
     </span>
     <span class='ocr_line' id='line_1_3' title="bbox 274 620 1554 705; baseline -0.003 -16"><span class='ocrx_word' id='word_1_12' title='bbox 274 629 330 705; x_wconf 86' lang='lat' dir='ltr'><strong>est,</strong></span> <span class='ocrx_word' id='word_1_13' title='bbox 353 646 410 689; x_wconf 93' lang='lat' dir='ltr'><strong>cur</strong></span> <span class='ocrx_word' id='word_1_14' title='bbox 427 644 499 687; x_wconf 89' lang='lat' dir='ltr'><strong>eum</strong></span> <span class='ocrx_word' id='word_1_15' title='bbox 508 622 604 687; x_wconf 89' lang='lat' dir='ltr'><strong>huius</strong></span> <span class='ocrx_word' id='word_1_16' title='bbox 614 621 697 705; x_wconf 93' lang='lat' dir='ltr'><strong>apud</strong></span> <span class='ocrx_word' id='word_1_17' title='bbox 711 620 914 688; x_wconf 78' lang='lat' dir='ltr'><strong>Cleomedem</strong></span> <span class='ocrx_word' id='word_1_18' title='bbox 932 620 1085 685; x_wconf 88' lang='lat' dir='ltr'><strong>exstantis</strong></span> <span class='ocrx_word' id='word_1_19' title='bbox 1105 620 1284 703; x_wconf 83' lang='lat' dir='ltr'><strong>argumenti</strong></span> <span class='ocrx_word' id='word_1_20' title='bbox 1302 641 1370 685; x_wconf 88' lang='lat' dir='ltr'><strong>esse</strong></span> <span class='ocrx_word' id='word_1_21' title='bbox 1393 625 1554 685; x_wconf 80' lang='lat' dir='ltr'>auctorem</span> 
     </span>
     <span class='ocr_line' id='line_1_4' title="bbox 274 725 1555 816; baseline -0.005 -19"><span class='ocrx_word' id='word_1_22' title='bbox 274 737 429 816; x_wconf 91' lang='lat' dir='ltr'><strong>putemus.</strong></span> <span class='ocrx_word' id='word_1_23' title='bbox 453 729 601 812; x_wconf 88' lang='lat' dir='ltr'><strong>Denique</strong></span> <span class='ocrx_word' id='word_1_24' title='bbox 620 727 772 812; x_wconf 82' lang='lat' dir='ltr'>Epicurei</span> <span class='ocrx_word' id='word_1_25' title='bbox 788 749 852 792; x_wconf 92' lang='lat' dir='ltr'><strong>non</strong></span> <span class='ocrx_word' id='word_1_26' title='bbox 875 726 1030 792; x_wconf 91' lang='lat' dir='ltr'><strong>mundum</strong></span> <span class='ocrx_word' id='word_1_27' title='bbox 1054 726 1200 792; x_wconf 88' lang='lat' dir='ltr'><strong>deorsum</strong></span> <span class='ocrx_word' id='word_1_28' title='bbox 1222 725 1296 792; x_wconf 91' lang='lat' dir='ltr'><strong>ferri</strong></span> <span class='ocrx_word' id='word_1_29' title='bbox 1315 725 1480 810; x_wconf 88' lang='lat' dir='ltr'><strong>docebant,</strong></span> <span class='ocrx_word' id='word_1_30' title='bbox 1498 725 1555 792; x_wconf 92' lang='lat' dir='ltr'><strong>sed</strong></span> 
     </span>
     <span class='ocr_line' id='line_1_5' title="bbox 275 829 1554 920; baseline -0.002 -17"><span class='ocrx_word' id='word_1_31' title='bbox 275 843 411 918; x_wconf 90' lang='lat' dir='ltr'><strong>atom0s;</strong></span> <span class='ocrx_word' id='word_1_32' title='bbox 440 835 595 902; x_wconf 90' lang='lat' dir='ltr'><strong>mundum</strong></span> <span class='ocrx_word' id='word_1_33' title='bbox 623 835 707 900; x_wconf 89' lang='lat' dir='ltr'><strong>enirn</strong></span> <span class='ocrx_word' id='word_1_34' title='bbox 734 836 838 920; x_wconf 88' lang='lat' dir='ltr'><strong>ipsum</strong></span> <span class='ocrx_word' id='word_1_35' title='bbox 866 829 1012 914; x_wconf 84' lang='lat' dir='ltr'><strong>stabilem</strong></span> <span class='ocrx_word' id='word_1_36' title='bbox 1040 832 1177 916; x_wconf 73' lang='grc'>888881.</span> <span class='ocrx_word' id='word_1_37' title='bbox 1201 831 1284 900; x_wconf 88' lang='lat' dir='ltr'><strong>th.</strong></span> <span class='ocrx_word' id='word_1_38' title='bbox 1307 835 1385 918; x_wconf 84' lang='lat' dir='ltr'><strong>isag.</strong></span> <span class='ocrx_word' id='word_1_39' title='bbox 1409 855 1434 900; x_wconf 93' lang='grc'><strong>8.</strong></span> <span class='ocrx_word' id='word_1_40' title='bbox 1458 838 1477 900; x_wconf 88' lang='lat'><strong>9</strong></span> <span class='ocrx_word' id='word_1_41' title='bbox 1501 832 1554 900; x_wconf 89' lang='lat' dir='ltr'><strong>fin.</strong></span> 
     </span>
     <span class='ocr_line' id='line_1_6' title="bbox 365 940 1557 1028; baseline -0.002 -20"><span class='ocrx_word' id='word_1_42' title='bbox 365 943 454 1028; x_wconf 81' lang='lat' dir='ltr'><strong>Ergo</strong></span> <span class='ocrx_word' id='word_1_43' title='bbox 472 965 523 1008; x_wconf 91' lang='lat' dir='ltr'><strong>res</strong></span> <span class='ocrx_word' id='word_1_44' title='bbox 541 944 587 1008; x_wconf 90' lang='lat' dir='ltr'><strong>ita</strong></span> <span class='ocrx_word' id='word_1_45' title='bbox 606 942 764 1008; x_wconf 86' lang='lat' dir='ltr'><strong>sehabet:</strong></span> <span class='ocrx_word' id='word_1_46' title='bbox 812 940 1005 1023; x_wconf 88' lang='lat' dir='ltr'><strong>Oleomedes,</strong></span> <span class='ocrx_word' id='word_1_47' title='bbox 1024 962 1096 1006; x_wconf 86' lang='lat' dir='ltr'><strong>cunr</strong></span> <span class='ocrx_word' id='word_1_48' title='bbox 1112 940 1262 1007; x_wconf 89' lang='lat' dir='ltr'><strong>scriberet</strong></span> <span class='ocrx_word' id='word_1_49' title='bbox 1270 962 1309 1006; x_wconf 90' lang='lat' dir='ltr'><strong>ea</strong></span> <span class='ocrx_word' id='word_1_50' title='bbox 1318 963 1400 1025; x_wconf 87' lang='lat' dir='ltr'><strong>quae</strong></span> <span class='ocrx_word' id='word_1_51' title='bbox 1408 941 1557 1026; x_wconf 82' lang='lat' dir='ltr'><strong>leguntur</strong></span> 
     </span>
     <span class='ocr_line' id='line_1_7' title="bbox 276 1046 1556 1137; baseline -0.002 -21"><span class='ocrx_word' id='word_1_52' title='bbox 276 1075 306 1137; x_wconf 89' lang='lat' dir='ltr'><strong>p.</strong></span> <span class='ocrx_word' id='word_1_53' title='bbox 332 1054 425 1134; x_wconf 86' lang='lat'><strong>10,20</strong></span> <span class='ocrx_word' id='word_1_54' title='bbox 451 1073 495 1134; x_wconf 90' lang='lat' dir='ltr'><strong>sq.</strong></span> <span class='ocrx_word' id='word_1_55' title='bbox 521 1049 568 1133; x_wconf 79' lang='lat' dir='ltr'><strong>Z,</strong></span> <span class='ocrx_word' id='word_1_56' title='bbox 601 1049 885 1134; x_wconf 80' lang='lat' dir='ltr'><strong>Peripateticorum</strong></span> <span class='ocrx_word' id='word_1_57' title='bbox 917 1048 1094 1114; x_wconf 84' lang='lat' dir='ltr'><strong>doctrinam</strong></span> <span class='ocrx_word' id='word_1_58' title='bbox 1123 1049 1191 1132; x_wconf 90' lang='lat' dir='ltr'><strong>ipse</strong></span> <span class='ocrx_word' id='word_1_59' title='bbox 1220 1046 1308 1114; x_wconf 90' lang='lat' dir='ltr'><strong>haud</strong></span> <span class='ocrx_word' id='word_1_60' title='bbox 1334 1049 1472 1134; x_wconf 79' lang='lat' dir='ltr'><strong>inspexit</strong></span> <span class='ocrx_word' id='word_1_61' title='bbox 1493 1049 1556 1114; x_wconf 88' lang='lat' dir='ltr'><strong>dis-</strong></span> 
     </span>
     <span class='ocr_line' id='line_1_8' title="bbox 275 1155 1558 1244; baseline -0.002 -20"><span class='ocrx_word' id='word_1_62' title='bbox 275 1164 430 1244; x_wconf 91' lang='lat' dir='ltr'><strong>putatque</strong></span> <span class='ocrx_word' id='word_1_63' title='bbox 452 1179 565 1242; x_wconf 81' lang='lat' dir='ltr'>reapse</span> <span class='ocrx_word' id='word_1_64' title='bbox 588 1163 698 1223; x_wconf 88' lang='lat' dir='ltr'><strong>contra</strong></span> <span class='ocrx_word' id='word_1_65' title='bbox 720 1157 919 1239; x_wconf 82' lang='lat' dir='ltr'>sententiam,</span> <span class='ocrx_word' id='word_1_66' title='bbox 942 1177 1023 1241; x_wconf 91' lang='lat' dir='ltr'><strong>quae</strong></span> <span class='ocrx_word' id='word_1_67' title='bbox 1046 1176 1085 1221; x_wconf 84' lang='lat' dir='ltr'><strong>ex</strong></span> <span class='ocrx_word' id='word_1_68' title='bbox 1108 1155 1322 1238; x_wconf 87' lang='lat' dir='ltr'><strong>Peripatetica</strong></span> <span class='ocrx_word' id='word_1_69' title='bbox 1343 1161 1376 1221; x_wconf 90' lang='lat' dir='ltr'><strong>et</strong></span> <span class='ocrx_word' id='word_1_70' title='bbox 1397 1156 1558 1241; x_wconf 83' lang='lat' dir='ltr'><strong>Epicurea</strong></span> 
     </span>
     <span class='ocr_line' id='line_1_9' title="bbox 276 1262 1557 1348; baseline -0.002 -16"><span class='ocrx_word' id='word_1_71' title='bbox 276 1266 400 1332; x_wconf 87' lang='lat' dir='ltr'><strong>videtur</strong></span> <span class='ocrx_word' id='word_1_72' title='bbox 417 1265 530 1346; x_wconf 81' lang='lat' dir='ltr'><strong>mixta3</strong></span> <span class='ocrx_word' id='word_1_73' title='bbox 554 1264 601 1329; x_wconf 94' lang='lat' dir='ltr'><strong>illi</strong></span> <span class='ocrx_word' id='word_1_74' title='bbox 619 1265 703 1330; x_wconf 92' lang='lat' dir='ltr'><strong>enim</strong></span> <span class='ocrx_word' id='word_1_75' title='bbox 721 1263 884 1345; x_wconf 92' lang='lat' dir='ltr'><strong>mundum,</strong></span> <span class='ocrx_word' id='word_1_76' title='bbox 902 1264 929 1328; x_wconf 90' lang='lat' dir='ltr'><strong>si</strong></span> <span class='ocrx_word' id='word_1_77' title='bbox 947 1267 1086 1328; x_wconf 84' lang='lat' dir='ltr'><strong>exstaret</strong></span> <span class='ocrx_word' id='word_1_78' title='bbox 1103 1283 1247 1345; x_wconf 87' lang='lat' dir='ltr'><strong>vacuum,</strong></span> <span class='ocrx_word' id='word_1_79' title='bbox 1265 1262 1338 1328; x_wconf 79' lang='lat' dir='ltr'><strong>terri</strong></span> <span class='ocrx_word' id='word_1_80' title='bbox 1349 1285 1557 1348; x_wconf 85' lang='lat' dir='ltr'><strong>pervacuum,</strong></span> 
     </span>
     <span class='ocr_line' id='line_1_10' title="bbox 276 1368 1558 1456; baseline -0.001 -18"><span class='ocrx_word' id='word_1_81' title='bbox 276 1373 310 1438; x_wconf 96' lang='lat' dir='ltr'><strong>hi</strong></span> <span class='ocrx_word' id='word_1_82' title='bbox 333 1378 456 1439; x_wconf 82' lang='lat' dir='ltr'><strong>atomos</strong></span> <span class='ocrx_word' id='word_1_83' title='bbox 481 1372 628 1438; x_wconf 90' lang='lat' dir='ltr'><strong>deorsum</strong></span> <span class='ocrx_word' id='word_1_84' title='bbox 651 1370 725 1436; x_wconf 87' lang='lat' dir='ltr'><strong>ferri</strong></span> <span class='ocrx_word' id='word_1_85' title='bbox 753 1371 917 1437; x_wconf 88' lang='lat' dir='ltr'><strong>docebant</strong></span> <span class='ocrx_word' id='word_1_86' title='bbox 962 1370 1027 1436; x_wconf 87' lang='lat' dir='ltr'><strong>Illa</strong></span> <span class='ocrx_word' id='word_1_87' title='bbox 1058 1374 1165 1435; x_wconf 90' lang='lat' dir='ltr'><strong>autem</strong></span> <span class='ocrx_word' id='word_1_88' title='bbox 1196 1368 1337 1436; x_wconf 78' lang='lat' dir='ltr'><strong>contusio</strong></span> <span class='ocrx_word' id='word_1_89' title='bbox 1370 1392 1443 1437; x_wconf 90' lang='lat' dir='ltr'><strong>cum</strong></span> <span class='ocrx_word' id='word_1_90' title='bbox 1472 1371 1558 1456; x_wconf 92' lang='lat' dir='ltr'><strong>apud</strong></span> 
     </span>
     <span class='ocr_line' id='line_1_11' title="bbox 282 1477 1560 1566; baseline -0.002 -19"><span class='ocrx_word' id='word_1_91' title='bbox 282 1480 503 1566; x_wconf 81' lang='lat' dir='ltr'><strong>Chrysippum,</strong></span> <span class='ocrx_word' id='word_1_92' title='bbox 535 1484 690 1563; x_wconf 88' lang='lat' dir='ltr'><strong>quantum</strong></span> <span class='ocrx_word' id='word_1_93' title='bbox 715 1478 866 1561; x_wconf 87' lang='lat' dir='ltr'><strong>videmus,</strong></span> <span class='ocrx_word' id='word_1_94' title='bbox 898 1477 1039 1543; x_wconf 91' lang='lat' dir='ltr'><strong>nondum</strong></span> <span class='ocrx_word' id='word_1_95' title='bbox 1062 1477 1251 1558; x_wconf 86' lang='lat' dir='ltr'><strong>inveniatur,</strong></span> <span class='ocrx_word' id='word_1_96' title='bbox 1282 1483 1350 1544; x_wconf 93' lang='lat' dir='ltr'><strong>tum</strong></span> <span class='ocrx_word' id='word_1_97' title='bbox 1373 1478 1426 1544; x_wconf 92' lang='lat' dir='ltr'><strong>ille</strong></span> <span class='ocrx_word' id='word_1_98' title='bbox 1449 1484 1560 1545; x_wconf 90' lang='lat' dir='ltr'><strong>eontra</strong></span> 
     </span>
     <span class='ocr_line' id='line_1_12' title="bbox 278 1585 1559 1670; baseline -0.002 -16"><span class='ocrx_word' id='word_1_99' title='bbox 278 1588 511 1654; x_wconf 81' lang='lat' dir='ltr'><strong>accusationem</strong></span> <span class='ocrx_word' id='word_1_100' title='bbox 548 1587 740 1652; x_wconf 83' lang='lat' dir='ltr'><strong>simillimam</strong></span> <span class='ocrx_word' id='word_1_101' title='bbox 778 1586 840 1651; x_wconf 93' lang='lat' dir='ltr'><strong>alio</strong></span> <span class='ocrx_word' id='word_1_102' title='bbox 877 1586 977 1651; x_wconf 91' lang='lat' dir='ltr'><strong>utitur</strong></span> <span class='ocrx_word' id='word_1_103' title='bbox 1013 1590 1199 1670; x_wconf 84' lang='lat' dir='ltr'><strong>argumento</strong></span> <span class='ocrx_word' id='word_1_104' title='bbox 1236 1592 1331 1670; x_wconf 84' lang='lat' dir='ltr'><strong>atque</strong></span> <span class='ocrx_word' id='word_1_105' title='bbox 1365 1585 1559 1653; x_wconf 79' lang='lat' dir='ltr'><strong>Cleomedes.</strong></span> 
     </span>
     <span class='ocr_line' id='line_1_13' title="bbox 260 1691 1559 1786; baseline -0.001 -25"><span class='ocrx_word' id='word_1_106' title='bbox 260 1694 400 1786; x_wconf 17' lang='lat' dir='ltr'><strong>&#39;Mirum</strong></span> <span class='ocrx_word' id='word_1_107' title='bbox 423 1716 496 1760; x_wconf 85' lang='lat' dir='ltr'><strong>vero</strong></span> <span class='ocrx_word' id='word_1_108' title='bbox 519 1699 623 1760; x_wconf 90' lang='lat' dir='ltr'><strong>estet</strong></span> <span class='ocrx_word' id='word_1_109' title='bbox 645 1692 731 1779; x_wconf 91' lang='lat' dir='ltr'><strong>apud</strong></span> <span class='ocrx_word' id='word_1_110' title='bbox 753 1692 913 1759; x_wconf 83' lang='lat' dir='ltr'><strong>Achillem</strong></span> <span class='ocrx_word' id='word_1_111' title='bbox 936 1692 956 1758; x_wconf 94' lang='lat' dir='ltr'><strong>l.</strong></span> <span class='ocrx_word' id='word_1_112' title='bbox 980 1692 1000 1758; x_wconf 94' lang='lat' dir='ltr'><strong>l.</strong></span> <span class='ocrx_word' id='word_1_113' title='bbox 1024 1691 1157 1759; x_wconf 89' lang='lat' dir='ltr'><strong>eandem</strong></span> <span class='ocrx_word' id='word_1_114' title='bbox 1185 1693 1368 1759; x_wconf 83' lang='lat' dir='ltr'><strong>mixtionem</strong></span> <span class='ocrx_word' id='word_1_115' title='bbox 1396 1715 1559 1760; x_wconf 89' lang='lat' dir='ltr'><strong>occurrere</strong></span> 
     </span>
     <span class='ocr_line' id='line_1_14' title="bbox 279 1798 1560 1888; baseline -0.002 -20"><span class='ocrx_word' id='word_1_116' title='bbox 279 1807 312 1868; x_wconf 89' lang='grc'><strong>81</strong></span> <span class='ocrx_word' id='word_1_117' title='bbox 343 1801 429 1886; x_wconf 90' lang='lat' dir='ltr'><strong>apud</strong></span> <span class='ocrx_word' id='word_1_118' title='bbox 459 1801 626 1867; x_wconf 88' lang='lat' dir='ltr'><strong>Philonem</strong></span> <span class='ocrx_word' id='word_1_119' title='bbox 655 1798 909 1866; x_wconf 82' lang='lat' dir='ltr'><strong>Alexandrinum</strong></span> <span class='ocrx_word' id='word_1_120' title='bbox 931 1800 951 1865; x_wconf 91' lang='lat' dir='ltr'><strong>l.</strong></span> <span class='ocrx_word' id='word_1_121' title='bbox 974 1800 994 1865; x_wconf 91' lang='lat' dir='ltr'><strong>l.</strong></span> <span class='ocrx_word' id='word_1_122' title='bbox 1022 1801 1071 1886; x_wconf 83' lang='lat' dir='ltr'><strong>(cf.</strong></span> <span class='ocrx_word' id='word_1_123' title='bbox 1095 1825 1195 1888; x_wconf 88' lang='lat' dir='ltr'><strong>supra</strong></span> <span class='ocrx_word' id='word_1_124' title='bbox 1215 1825 1245 1888; x_wconf 88' lang='lat' dir='ltr'><strong>p.</strong></span> <span class='ocrx_word' id='word_1_125' title='bbox 1270 1805 1311 1869; x_wconf 88' lang='lat'><strong>30</strong></span> <span class='ocrx_word' id='word_1_126' title='bbox 1335 1801 1401 1887; x_wconf 90' lang='lat' dir='ltr'><strong>sq.).</strong></span> <span class='ocrx_word' id='word_1_127' title='bbox 1445 1800 1560 1885; x_wconf 84' lang='lat' dir='ltr'><strong>Itaque</strong></span> 
     </span>
     <span class='ocr_line' id='line_1_15' title="bbox 280 1901 1560 1994; baseline -0.002 -18"><span class='ocrx_word' id='word_1_128' title='bbox 280 1911 345 1976; x_wconf 88' lang='lat' dir='ltr'><strong>veri</strong></span> <span class='ocrx_word' id='word_1_129' title='bbox 378 1901 491 1974; x_wconf 41' lang='lat' dir='ltr'><strong>simile*</strong></span> <span class='ocrx_word' id='word_1_130' title='bbox 513 1915 562 1975; x_wconf 89' lang='lat' dir='ltr'><strong>est</strong></span> <span class='ocrx_word' id='word_1_131' title='bbox 591 1914 665 1994; x_wconf 89' lang='lat' dir='ltr'><strong>post</strong></span> <span class='ocrx_word' id='word_1_132' title='bbox 697 1907 910 1994; x_wconf 70' lang='lat' dir='ltr'><strong>Chrysippum</strong></span> <span class='ocrx_word' id='word_1_133' title='bbox 940 1913 973 1974; x_wconf 91' lang='lat' dir='ltr'><strong>et</strong></span> <span class='ocrx_word' id='word_1_134' title='bbox 1001 1914 1076 1974; x_wconf 90' lang='lat' dir='ltr'><strong>ante</strong></span> <span class='ocrx_word' id='word_1_135' title='bbox 1102 1909 1270 1976; x_wconf 89' lang='lat' dir='ltr'><strong>Philonem</strong></span> <span class='ocrx_word' id='word_1_136' title='bbox 1292 1915 1393 1976; x_wconf 87' lang='lat' dir='ltr'><strong>totam</strong></span> <span class='ocrx_word' id='word_1_137' title='bbox 1415 1909 1499 1975; x_wconf 90' lang='lat' dir='ltr'><strong>hane</strong></span> <span class='ocrx_word' id='word_1_138' title='bbox 1521 1908 1560 1974; x_wconf 91' lang='lat' dir='ltr'><strong>de</strong></span> 
     </span>
     <span class='ocr_line' id='line_1_16' title="bbox 281 2016 1561 2102; baseline 0 -20"><span class='ocrx_word' id='word_1_139' title='bbox 281 2038 381 2083; x_wconf 88' lang='lat' dir='ltr'><strong>vacuo</strong></span> <span class='ocrx_word' id='word_1_140' title='bbox 404 2017 620 2100; x_wconf 88' lang='lat' dir='ltr'><strong>quaestionem</strong></span> <span class='ocrx_word' id='word_1_141' title='bbox 638 2017 685 2082; x_wconf 90' lang='lat' dir='ltr'><strong>ita</strong></span> <span class='ocrx_word' id='word_1_142' title='bbox 708 2037 776 2081; x_wconf 90' lang='lat' dir='ltr'><strong>esse</strong></span> <span class='ocrx_word' id='word_1_143' title='bbox 799 2020 963 2098; x_wconf 87' lang='lat' dir='ltr'><strong>mutatam,</strong></span> <span class='ocrx_word' id='word_1_144' title='bbox 987 2021 1024 2082; x_wconf 93' lang='lat' dir='ltr'><strong>ut</strong></span> <span class='ocrx_word' id='word_1_145' title='bbox 1045 2038 1108 2082; x_wconf 93' lang='lat' dir='ltr'><strong>uno</strong></span> <span class='ocrx_word' id='word_1_146' title='bbox 1132 2023 1319 2102; x_wconf 86' lang='lat' dir='ltr'><strong>argumento</strong></span> <span class='ocrx_word' id='word_1_147' title='bbox 1343 2016 1466 2083; x_wconf 89' lang='lat' dir='ltr'><strong>duobus</strong></span> <span class='ocrx_word' id='word_1_148' title='bbox 1489 2038 1561 2083; x_wconf 90' lang='lat' dir='ltr'><strong>cum</strong></span> 
     </span>
     <span class='ocr_line' id='line_1_17' title="bbox 282 2121 1562 2209; baseline -0.001 -19"><span class='ocrx_word' id='word_1_149' title='bbox 282 2124 471 2190; x_wconf 82' lang='lat' dir='ltr'><strong>adversariis</strong></span> <span class='ocrx_word' id='word_1_150' title='bbox 494 2121 824 2190; x_wconf 82' lang='lat' dir='ltr'><strong>contendere&#39;Stoicis</strong></span> <span class='ocrx_word' id='word_1_151' title='bbox 845 2123 993 2208; x_wconf 88' lang='lat' dir='ltr'><strong>placeret</strong></span> <span class='ocrx_word' id='word_1_152' title='bbox 1038 2122 1152 2209; x_wconf 88' lang='lat' dir='ltr'><strong>Neque</strong></span> <span class='ocrx_word' id='word_1_153' title='bbox 1185 2126 1268 2190; x_wconf 90' lang='lat' dir='ltr'><strong>enim</strong></span> <span class='ocrx_word' id='word_1_154' title='bbox 1300 2124 1375 2208; x_wconf 88' lang='lat' dir='ltr'><strong>ulla,</strong></span> <span class='ocrx_word' id='word_1_155' title='bbox 1407 2129 1562 2209; x_wconf 88' lang='lat' dir='ltr'><strong>quantum</strong></span> 
     </span>
     <span class='ocr_line' id='line_1_18' title="bbox 283 2229 1562 2316; baseline 0 -20"><span class='ocrx_word' id='word_1_156' title='bbox 283 2233 357 2314; x_wconf 90' lang='lat' dir='ltr'><strong>scio,</strong></span> <span class='ocrx_word' id='word_1_157' title='bbox 366 2237 453 2296; x_wconf 90' lang='lat' dir='ltr'><strong>secta</strong></span> <span class='ocrx_word' id='word_1_158' title='bbox 462 2230 721 2316; x_wconf 92' lang='lat' dir='ltr'><strong>philosophorum</strong></span> <span class='ocrx_word' id='word_1_159' title='bbox 740 2229 920 2297; x_wconf 87' lang='lat' dir='ltr'><strong>affinnabat</strong></span> <span class='ocrx_word' id='word_1_160' title='bbox 937 2231 1091 2296; x_wconf 92' lang='lat' dir='ltr'><strong>mundum</strong></span> <span class='ocrx_word' id='word_1_161' title='bbox 1109 2233 1143 2297; x_wconf 91' lang='lat' dir='ltr'><strong>in</strong></span> <span class='ocrx_word' id='word_1_162' title='bbox 1161 2255 1296 2299; x_wconf 89' lang='lat' dir='ltr'><strong>vacuum</strong></span> <span class='ocrx_word' id='word_1_163' title='bbox 1313 2232 1388 2299; x_wconf 90' lang='lat' dir='ltr'><strong>ferri</strong></span> <span class='ocrx_word' id='word_1_164' title='bbox 1406 2233 1562 2299; x_wconf 86' lang='lat' dir='ltr'><strong>deorsum.</strong></span> 
     </span>
     <span class='ocr_line' id='line_1_19' title="bbox 372 2336 1564 2425; baseline 0.001 -21"><span class='ocrx_word' id='word_1_165' title='bbox 372 2338 414 2404; x_wconf 90' lang='lat' dir='ltr'><strong>In</strong></span> <span class='ocrx_word' id='word_1_166' title='bbox 439 2336 625 2404; x_wconf 89' lang='lat' dir='ltr'><strong>difficultate</strong></span> <span class='ocrx_word' id='word_1_167' title='bbox 657 2338 732 2404; x_wconf 91' lang='lat' dir='ltr'><strong>inde</strong></span> <span class='ocrx_word' id='word_1_168' title='bbox 759 2344 838 2422; x_wconf 80' lang='lat' dir='ltr'><strong>orta,</strong></span> <span class='ocrx_word' id='word_1_169' title='bbox 869 2338 963 2422; x_wconf 93' lang='lat' dir='ltr'><strong>quod,</strong></span> <span class='ocrx_word' id='word_1_170' title='bbox 994 2339 1045 2404; x_wconf 92' lang='lat' dir='ltr'><strong>cui</strong></span> <span class='ocrx_word' id='word_1_171' title='bbox 1076 2339 1133 2404; x_wconf 89' lang='lat' dir='ltr'><strong>illa</strong></span> <span class='ocrx_word' id='word_1_172' title='bbox 1166 2346 1422 2425; x_wconf 83' lang='lat' dir='ltr'><strong>argumentorum</strong></span> <span class='ocrx_word' id='word_1_173' title='bbox 1453 2339 1564 2406; x_wconf 86' lang='lat' dir='ltr'><strong>mixtio</strong></span> 
     </span>
     <span class='ocr_line' id='line_1_20' title="bbox 287 2429 1565 2531; baseline -0.001 -19"><span class='ocrx_word' id='word_1_174' title='bbox 287 2446 446 2513; x_wconf 88' lang='lat' dir='ltr'><strong>tribuatur</strong></span> <span class='ocrx_word' id='word_1_175' title='bbox 476 2447 606 2527; x_wconf 89' lang='lat' dir='ltr'><strong>auctori,</strong></span> <span class='ocrx_word' id='word_1_176' title='bbox 643 2429 835 2531; x_wconf 78' lang='lat' dir='ltr'><strong>ignoramus,</strong></span> <span class='ocrx_word' id='word_1_177' title='bbox 872 2445 989 2512; x_wconf 87' lang='lat' dir='ltr'><strong>auxilio</strong></span> <span class='ocrx_word' id='word_1_178' title='bbox 1025 2446 1116 2513; x_wconf 89' lang='lat' dir='ltr'><strong>nobis</strong></span> <span class='ocrx_word' id='word_1_179' title='bbox 1153 2454 1228 2514; x_wconf 91' lang='lat' dir='ltr'><strong>sunt</strong></span> <span class='ocrx_word' id='word_1_180' title='bbox 1258 2447 1355 2516; x_wconf 87' lang='lat' dir='ltr'><strong>verba</strong></span> <span class='ocrx_word' id='word_1_181' title='bbox 1386 2445 1565 2516; x_wconf 79' lang='lat' dir='ltr'><strong>Cleomedis</strong></span> 
     </span>
     <span class='ocr_line' id='line_1_21' title="bbox 268 2539 1565 2642; baseline -0.001 -22"><span class='ocrx_word' id='word_1_182' title='bbox 268 2539 422 2639; x_wconf 76' lang='grc' dir='ltr'><strong>Ι(10,22);</strong></span> <span class='ocrx_word' id='word_1_183' title='bbox 468 2555 514 2626; x_wconf 82' lang='grc' dir='ltr'><strong>ὡς</strong></span> <span class='ocrx_word' id='word_1_184' title='bbox 537 2555 732 2639; x_wconf 68' lang='grc' dir='ltr'><strong><em>δειχθήσεται</em></strong></span> <span class='ocrx_word' id='word_1_185' title='bbox 755 2556 788 2619; x_wconf 82' lang='grc' dir='ltr'><strong>ἒν</strong></span> <span class='ocrx_word' id='word_1_186' title='bbox 809 2554 960 2638; x_wconf 80' lang='grc' dir='ltr'><em>τῷλόγῳ</em></span> <span class='ocrx_word' id='word_1_187' title='bbox 981 2563 1028 2639; x_wconf 83' lang='grc' dir='ltr'><strong>τῴ</strong></span> <span class='ocrx_word' id='word_1_188' title='bbox 1050 2557 1121 2640; x_wconf 80' lang='grc' dir='ltr'><strong><em>περὶ</em></strong></span> <span class='ocrx_word' id='word_1_189' title='bbox 1142 2563 1197 2641; x_wconf 85' lang='grc' dir='ltr'><strong>τῆς</strong></span> <span class='ocrx_word' id='word_1_190' title='bbox 1218 2558 1269 2622; x_wconf 75' lang='grc' dir='ltr'><strong>ἐπὶ</strong></span> <span class='ocrx_word' id='word_1_191' title='bbox 1284 2557 1320 2622; x_wconf 86' lang='grc' dir='ltr'><strong>τὸ</strong></span> <span class='ocrx_word' id='word_1_192' title='bbox 1338 2559 1437 2642; x_wconf 81' lang='grc' dir='ltr'><strong><em>μέσον</em></strong></span> <span class='ocrx_word' id='word_1_193' title='bbox 1451 2561 1565 2642; x_wconf 85' lang='grc' dir='ltr'><strong><em>φορᾶς,</em></strong></span> 
     </span>
     <span class='ocr_line' id='line_1_22' title="bbox 289 2660 1567 2746; baseline 0.001 -19"><span class='ocrx_word' id='word_1_194' title='bbox 289 2673 371 2746; x_wconf 86' lang='lat' dir='ltr'><strong>quae</strong></span> <span class='ocrx_word' id='word_1_195' title='bbox 390 2666 576 2745; x_wconf 89' lang='lat' dir='ltr'><strong>repetuntur</strong></span> <span class='ocrx_word' id='word_1_196' title='bbox 596 2664 689 2742; x_wconf 84' lang='grc'>18,17</span> <span class='ocrx_word' id='word_1_197' title='bbox 711 2667 744 2727; x_wconf 91' lang='grc'><strong>81</strong></span> <span class='ocrx_word' id='word_1_198' title='bbox 766 2663 871 2743; x_wconf 83' lang='grc'><strong>20,]3.</strong></span> <span class='ocrx_word' id='word_1_199' title='bbox 895 2699 937 2710; x_wconf 90' lang='grc'><strong>-</strong></span> <span class='ocrx_word' id='word_1_200' title='bbox 961 2660 1035 2728; x_wconf 88' lang='grc' dir='ltr'><strong>Ηοο</strong></span> <span class='ocrx_word' id='word_1_201' title='bbox 1057 2662 1126 2728; x_wconf 95' lang='lat' dir='ltr'><strong>loco</strong></span> <span class='ocrx_word' id='word_1_202' title='bbox 1149 2673 1262 2729; x_wconf 83' lang='lat' dir='ltr'><strong>nactus</strong></span> <span class='ocrx_word' id='word_1_203' title='bbox 1279 2685 1350 2730; x_wconf 91' lang='lat' dir='ltr'><strong>sum</strong></span> <span class='ocrx_word' id='word_1_204' title='bbox 1371 2664 1567 2730; x_wconf 85' lang='lat' dir='ltr'><strong>occasionem</strong></span> 
     </span>
     <span class='ocr_line' id='line_1_23' title="bbox 289 2768 1567 2856; baseline 0.003 -23"><span class='ocrx_word' id='word_1_205' title='bbox 289 2768 556 2853; x_wconf 88' lang='lat' dir='ltr'><strong>inspiciendorum</strong></span> <span class='ocrx_word' id='word_1_206' title='bbox 588 2768 752 2853; x_wconf 89' lang='lat' dir='ltr'><strong>paululum</strong></span> <span class='ocrx_word' id='word_1_207' title='bbox 785 2790 902 2851; x_wconf 91' lang='lat' dir='ltr'><strong>eorum,</strong></span> <span class='ocrx_word' id='word_1_208' title='bbox 934 2791 1015 2853; x_wconf 91' lang='lat' dir='ltr'><strong>quae</strong></span> <span class='ocrx_word' id='word_1_209' title='bbox 1043 2808 1086 2819; x_wconf 89' lang='lat'>—</span> <span class='ocrx_word' id='word_1_210' title='bbox 1114 2769 1219 2836; x_wconf 89' lang='lat' dir='ltr'><strong>adhuc</strong></span> <span class='ocrx_word' id='word_1_211' title='bbox 1242 2792 1262 2836; x_wconf 89' lang='lat' dir='ltr'><strong>a</strong></span> <span class='ocrx_word' id='word_1_212' title='bbox 1284 2792 1334 2836; x_wconf 92' lang='lat' dir='ltr'><strong>me</strong></span> <span class='ocrx_word' id='word_1_213' title='bbox 1356 2770 1502 2856; x_wconf 84' lang='lat' dir='ltr'><strong>neglecta</strong></span> <span class='ocrx_word' id='word_1_214' title='bbox 1524 2809 1567 2820; x_wconf 94' lang='lat'><em>-</em></span> 
     </span>
     <span class='ocr_line' id='line_1_24' title="bbox 291 2874 1568 2964; baseline 0.002 -22"><span class='ocrx_word' id='word_1_215' title='bbox 291 2882 418 2943; x_wconf 80' lang='lat' dir='ltr'><strong>exstant</strong></span> <span class='ocrx_word' id='word_1_216' title='bbox 438 2899 469 2961; x_wconf 93' lang='lat' dir='ltr'><strong>p.</strong></span> <span class='ocrx_word' id='word_1_217' title='bbox 490 2878 736 2958; x_wconf 81' lang='lat'><strong>16‚17-20,14.</strong></span> <span class='ocrx_word' id='word_1_218' title='bbox 761 2874 935 2962; x_wconf 87' lang='lat' dir='ltr'><strong>Appendix</strong></span> <span class='ocrx_word' id='word_1_219' title='bbox 958 2875 1168 2961; x_wconf 86' lang='lat' dir='ltr'><strong>significanda</strong></span> <span class='ocrx_word' id='word_1_220' title='bbox 1190 2883 1239 2943; x_wconf 89' lang='lat' dir='ltr'><strong>est</strong></span> <span class='ocrx_word' id='word_1_221' title='bbox 1260 2878 1340 2944; x_wconf 87' lang='lat' dir='ltr'><strong>haec</strong></span> <span class='ocrx_word' id='word_1_222' title='bbox 1361 2899 1448 2964; x_wconf 82' lang='lat' dir='ltr'><strong>pars3</strong></span> <span class='ocrx_word' id='word_1_223' title='bbox 1472 2899 1568 2962; x_wconf 92' lang='lat' dir='ltr'><strong>quam</strong></span> 
     </span>
     <span class='ocr_line' id='line_1_25' title="bbox 291 2983 1569 3072; baseline 0.001 -23"><span class='ocrx_word' id='word_1_224' title='bbox 291 3007 329 3050; x_wconf 91' lang='lat' dir='ltr'><strong>eo</strong></span> <span class='ocrx_word' id='word_1_225' title='bbox 352 2984 482 3051; x_wconf 85' lang='lat' dir='ltr'><strong>consilio</strong></span> <span class='ocrx_word' id='word_1_226' title='bbox 505 2983 557 3048; x_wconf 89' lang='lat' dir='ltr'><strong>hic</strong></span> <span class='ocrx_word' id='word_1_227' title='bbox 575 2983 885 3068; x_wconf 78' lang='lat' dir='ltr'><strong>posuittlleomedes,</strong></span> <span class='ocrx_word' id='word_1_228' title='bbox 908 2989 945 3050; x_wconf 92' lang='lat' dir='ltr'><strong>ut</strong></span> <span class='ocrx_word' id='word_1_229' title='bbox 962 3006 1009 3066; x_wconf 90' lang='lat' dir='ltr'><strong>ea,</strong></span> <span class='ocrx_word' id='word_1_230' title='bbox 1028 3007 1110 3068; x_wconf 90' lang='lat' dir='ltr'><strong>quae</strong></span> <span class='ocrx_word' id='word_1_231' title='bbox 1132 2986 1165 3050; x_wconf 92' lang='lat' dir='ltr'><strong>in</strong></span> <span class='ocrx_word' id='word_1_232' title='bbox 1189 3007 1245 3051; x_wconf 90' lang='lat' dir='ltr'><strong>suo</strong></span> <span class='ocrx_word' id='word_1_233' title='bbox 1265 3007 1337 3050; x_wconf 90' lang='lat' dir='ltr'><strong>cum</strong></span> <span class='ocrx_word' id='word_1_234' title='bbox 1348 2985 1569 3072; x_wconf 87' lang='lat' dir='ltr'><strong>Peripateticis</strong></span> 
     </span>
     <span class='ocr_line' id='line_1_26' title="bbox 293 3091 1569 3179; baseline 0 -21"><span class='ocrx_word' id='word_1_235' title='bbox 293 3093 463 3158; x_wconf 89' lang='lat' dir='ltr'><strong>certamine</strong></span> <span class='ocrx_word' id='word_1_236' title='bbox 481 3113 511 3176; x_wconf 90' lang='lat' dir='ltr'><strong>p.</strong></span> <span class='ocrx_word' id='word_1_237' title='bbox 533 3094 583 3173; x_wconf 90' lang='lat'><strong>10,</strong></span> <span class='ocrx_word' id='word_1_238' title='bbox 609 3095 649 3156; x_wconf 88' lang='grc'><strong>19</strong></span> <span class='ocrx_word' id='word_1_239' title='bbox 667 3113 733 3175; x_wconf 91' lang='lat' dir='ltr'><strong>sqq.</strong></span> <span class='ocrx_word' id='word_1_240' title='bbox 743 3091 877 3157; x_wconf 85' lang='lat' dir='ltr'><strong>strictim</strong></span> <span class='ocrx_word' id='word_1_241' title='bbox 899 3091 1059 3174; x_wconf 88' lang='lat' dir='ltr'><strong>indicavit,</strong></span> <span class='ocrx_word' id='word_1_242' title='bbox 1068 3092 1164 3178; x_wconf 90' lang='lat' dir='ltr'><strong>paulo</strong></span> <span class='ocrx_word' id='word_1_243' title='bbox 1188 3094 1366 3159; x_wconf 87' lang='lat' dir='ltr'><strong>accuratius</strong></span> <span class='ocrx_word' id='word_1_244' title='bbox 1389 3093 1569 3179; x_wconf 86' lang='lat' dir='ltr'><strong>explicaret</strong></span> 
     </span>
     <span class='ocr_line' id='line_1_27' title="bbox 292 3197 1570 3286; baseline 0.001 -21"><span class='ocrx_word' id='word_1_245' title='bbox 292 3199 467 3282; x_wconf 89' lang='lat' dir='ltr'><strong>Postquam</strong></span> <span class='ocrx_word' id='word_1_246' title='bbox 490 3199 574 3263; x_wconf 90' lang='lat' dir='ltr'><strong>enim</strong></span> <span class='ocrx_word' id='word_1_247' title='bbox 599 3197 638 3263; x_wconf 93' lang='lat' dir='ltr'><strong>de</strong></span> <span class='ocrx_word' id='word_1_248' title='bbox 670 3204 789 3283; x_wconf 87' lang='lat' dir='ltr'><strong>septem</strong></span> <span class='ocrx_word' id='word_1_249' title='bbox 821 3199 991 3281; x_wconf 89' lang='lat' dir='ltr'><strong>habitibus,</strong></span> <span class='ocrx_word' id='word_1_250' title='bbox 1029 3201 1082 3283; x_wconf 94' lang='lat' dir='ltr'><strong>qui</strong></span> <span class='ocrx_word' id='word_1_251' title='bbox 1120 3201 1302 3285; x_wconf 89' lang='lat' dir='ltr'><strong>corporibus</strong></span> <span class='ocrx_word' id='word_1_252' title='bbox 1339 3207 1414 3268; x_wconf 89' lang='lat' dir='ltr'><strong>sunt</strong></span> <span class='ocrx_word' id='word_1_253' title='bbox 1443 3201 1570 3286; x_wconf 90' lang='lat' dir='ltr'><strong>proprii,</strong></span> 
     </span>
     <span class='ocr_line' id='line_1_28' title="bbox 293 3305 1572 3392; baseline 0.002 -20"><span class='ocrx_word' id='word_1_254' title='bbox 293 3306 576 3390; x_wconf 88' lang='lat' dir='ltr'><strong>eorumdorumque</strong></span> <span class='ocrx_word' id='word_1_255' title='bbox 600 3305 639 3370; x_wconf 90' lang='lat' dir='ltr'><strong>de</strong></span> <span class='ocrx_word' id='word_1_256' title='bbox 662 3305 892 3389; x_wconf 85' lang='lat' dir='ltr'><strong>distributione,</strong></span> <span class='ocrx_word' id='word_1_257' title='bbox 924 3307 1008 3390; x_wconf 90' lang='lat' dir='ltr'><strong>quod</strong></span> <span class='ocrx_word' id='word_1_258' title='bbox 1032 3309 1146 3374; x_wconf 90' lang='lat' dir='ltr'><strong>attinet</strong></span> <span class='ocrx_word' id='word_1_259' title='bbox 1168 3309 1210 3374; x_wconf 90' lang='lat' dir='ltr'><strong>ad</strong></span> <span class='ocrx_word' id='word_1_260' title='bbox 1232 3308 1394 3392; x_wconf 90' lang='lat' dir='ltr'><strong>mundum,</strong></span> <span class='ocrx_word' id='word_1_261' title='bbox 1424 3309 1572 3375; x_wconf 86' lang='lat' dir='ltr'><strong>disseruit</strong></span> 
     </span>
     <span class='ocr_line' id='line_1_29' title="bbox 294 3412 1571 3502; baseline 0 -22"><span class='ocrx_word' id='word_1_262' title='bbox 294 3418 358 3499; x_wconf 81' lang='grc'>(111,</span> <span class='ocrx_word' id='word_1_263' title='bbox 384 3416 513 3479; x_wconf 83' lang='grc'>13-25</span> <span class='ocrx_word' id='word_1_264' title='bbox 538 3412 588 3496; x_wconf 84' lang='grc' dir='ltr'><strong>Ζ),</strong></span> <span class='ocrx_word' id='word_1_265' title='bbox 612 3418 753 3479; x_wconf 86' lang='lat' dir='ltr'><strong>extrema</strong></span> <span class='ocrx_word' id='word_1_266' title='bbox 774 3420 864 3499; x_wconf 83' lang='lat' dir='ltr'><strong>parte</strong></span> <span class='ocrx_word' id='word_1_267' title='bbox 892 3415 1005 3498; x_wconf 90' lang='lat' dir='ltr'><strong>capitis</strong></span> <span class='ocrx_word' id='word_1_268' title='bbox 1034 3416 1127 3500; x_wconf 90' lang='lat' dir='ltr'><strong>primi</strong></span> <span class='ocrx_word' id='word_1_269' title='bbox 1156 3417 1189 3480; x_wconf 90' lang='lat' dir='ltr'><strong>in</strong></span> <span class='ocrx_word' id='word_1_270' title='bbox 1220 3416 1347 3500; x_wconf 90' lang='lat' dir='ltr'><strong>mundo,</strong></span> <span class='ocrx_word' id='word_1_271' title='bbox 1369 3417 1486 3502; x_wconf 93' lang='lat' dir='ltr'><strong>quippe</strong></span> <span class='ocrx_word' id='word_1_272' title='bbox 1517 3417 1571 3500; x_wconf 93' lang='lat' dir='ltr'><strong>qui</strong></span> 
     </span>
     <span class='ocr_line' id='line_1_30' title="bbox 290 3520 1572 3606; baseline 0.003 -20"><span class='ocrx_word' id='word_1_273' title='bbox 290 3523 338 3600; x_wconf 48' lang='lat' dir='ltr'><strong>¹sit</strong></span> <span class='ocrx_word' id='word_1_274' title='bbox 360 3520 516 3605; x_wconf 85' lang='lat' dir='ltr'><strong>globosus,</strong></span> <span class='ocrx_word' id='word_1_275' title='bbox 544 3521 676 3586; x_wconf 90' lang='lat' dir='ltr'><strong>eundem</strong></span> <span class='ocrx_word' id='word_1_276' title='bbox 707 3542 775 3586; x_wconf 90' lang='lat' dir='ltr'><strong>esse</strong></span> <span class='ocrx_word' id='word_1_277' title='bbox 798 3522 897 3586; x_wconf 91' lang='lat' dir='ltr'><strong>imum</strong></span> <span class='ocrx_word' id='word_1_278' title='bbox 920 3520 1066 3587; x_wconf 89' lang='lat' dir='ltr'><strong>habitum</strong></span> <span class='ocrx_word' id='word_1_279' title='bbox 1089 3528 1184 3606; x_wconf 87' lang='lat' dir='ltr'><strong>atque</strong></span> <span class='ocrx_word' id='word_1_280' title='bbox 1206 3523 1346 3590; x_wconf 92' lang='lat' dir='ltr'><strong>medium</strong></span> <span class='ocrx_word' id='word_1_281' title='bbox 1369 3525 1572 3591; x_wconf 88' lang='lat' dir='ltr'><strong>demonstrat</strong></span> 
     </span>
     <span class='ocr_line' id='line_1_31' title="bbox 295 3627 1574 3714; baseline 0.002 -20"><span class='ocrx_word' id='word_1_282' title='bbox 295 3628 411 3712; x_wconf 86' lang='lat' dir='ltr'><strong>Itaque</strong></span> <span class='ocrx_word' id='word_1_283' title='bbox 433 3627 512 3694; x_wconf 92' lang='lat' dir='ltr'><strong>duos</strong></span> <span class='ocrx_word' id='word_1_284' title='bbox 533 3627 593 3694; x_wconf 89' lang='lat' dir='ltr'><strong>hoe</strong></span> <span class='ocrx_word' id='word_1_285' title='bbox 611 3628 698 3694; x_wconf 88' lang='lat' dir='ltr'><strong>locos</strong></span> <span class='ocrx_word' id='word_1_286' title='bbox 722 3631 917 3714; x_wconf 70' lang='lat' dir='ltr'><strong>(lale-23</strong></span> <span class='ocrx_word' id='word_1_287' title='bbox 942 3635 975 3694; x_wconf 89' lang='lat' dir='ltr'><strong>et</strong></span> <span class='ocrx_word' id='word_1_288' title='bbox 999 3632 1247 3712; x_wconf 74' lang='lat'><strong>16,13-20‚14)</strong></span> <span class='ocrx_word' id='word_1_289' title='bbox 1266 3632 1420 3697; x_wconf 87' lang='lat' dir='ltr'><strong>artissime</strong></span> <span class='ocrx_word' id='word_1_290' title='bbox 1438 3633 1522 3697; x_wconf 89' lang='lat' dir='ltr'><strong>inter</strong></span> <span class='ocrx_word' id='word_1_291' title='bbox 1538 3653 1574 3697; x_wconf 90' lang='lat' dir='ltr'><strong>se</strong></span> 
     </span>
     <span class='ocr_line' id='line_1_32' title="bbox 297 3735 850 3821; baseline 0.002 -20"><span class='ocrx_word' id='word_1_292' title='bbox 297 3736 464 3802; x_wconf 90' lang='lat' dir='ltr'><strong>cohaerere</strong></span> <span class='ocrx_word' id='word_1_293' title='bbox 486 3735 564 3800; x_wconf 90' lang='lat' dir='ltr'><strong>mihi</strong></span> <span class='ocrx_word' id='word_1_294' title='bbox 586 3757 771 3821; x_wconf 88' lang='lat' dir='ltr'><strong>persuasum</strong></span> <span class='ocrx_word' id='word_1_295' title='bbox 795 3742 850 3802; x_wconf 89' lang='grc'>881.</span> 
     </span>
     <span class='ocr_line' id='line_1_33' title="bbox 386 3842 1574 3930; baseline 0.003 -22"><span class='ocrx_word' id='word_1_296' title='bbox 386 3842 506 3908; x_wconf 89' lang='lat' dir='ltr'><strong>Mirum</strong></span> <span class='ocrx_word' id='word_1_297' title='bbox 525 3850 631 3909; x_wconf 89' lang='lat' dir='ltr'><strong>autem</strong></span> <span class='ocrx_word' id='word_1_298' title='bbox 650 3850 699 3909; x_wconf 88' lang='grc'><strong>881</strong></span> <span class='ocrx_word' id='word_1_299' title='bbox 716 3843 829 3910; x_wconf 91' lang='lat' dir='ltr'><strong>eadem</strong></span> <span class='ocrx_word' id='word_1_300' title='bbox 847 3844 943 3910; x_wconf 86' lang='lat' dir='ltr'><strong>verba</strong></span> <span class='ocrx_word' id='word_1_301' title='bbox 965 3847 984 3930; x_wconf 82' lang='grc' dir='ltr'>ἡ</span> <span class='ocrx_word' id='word_1_302' title='bbox 1009 3846 1058 3910; x_wconf 82' lang='grc' dir='ltr'><strong>ἐπὶ</strong></span> <span class='ocrx_word' id='word_1_303' title='bbox 1080 3845 1115 3910; x_wconf 84' lang='grc' dir='ltr'><strong>τὸ</strong></span> <span class='ocrx_word' id='word_1_304' title='bbox 1138 3848 1236 3929; x_wconf 80' lang='grc' dir='ltr'><strong><em>μέσον</em></strong></span> <span class='ocrx_word' id='word_1_305' title='bbox 1259 3845 1374 3930; x_wconf 61' lang='grc' dir='ltr'><strong><em>φοράῑ)</em></strong></span> <span class='ocrx_word' id='word_1_306' title='bbox 1399 3866 1461 3911; x_wconf 85' lang='grc'><strong>888</strong></span> <span class='ocrx_word' id='word_1_307' title='bbox 1480 3845 1574 3912; x_wconf 89' lang='lat' dir='ltr'><strong>modo</strong></span> 
     </span>
     <span class='ocr_line' id='line_1_34' title="bbox 297 3950 1575 4036; baseline 0.002 -21"><span class='ocrx_word' id='word_1_308' title='bbox 297 3951 457 4016; x_wconf 88' lang='lat' dir='ltr'><strong>nonnullis</strong></span> <span class='ocrx_word' id='word_1_309' title='bbox 480 3950 613 4017; x_wconf 89' lang='lat' dir='ltr'><strong>aliorum</strong></span> <span class='ocrx_word' id='word_1_310' title='bbox 636 3972 760 4035; x_wconf 92' lang='lat' dir='ltr'><strong>quoque</strong></span> <span class='ocrx_word' id='word_1_311' title='bbox 784 3953 970 4036; x_wconf 89' lang='lat' dir='ltr'><strong>scriptorum</strong></span> <span class='ocrx_word' id='word_1_312' title='bbox 993 3952 1070 4018; x_wconf 90' lang='lat' dir='ltr'><strong>locis</strong></span> <span class='ocrx_word' id='word_1_313' title='bbox 1089 3958 1222 4034; x_wconf 88' lang='lat' dir='ltr'><strong>exstare,</strong></span> <span class='ocrx_word' id='word_1_314' title='bbox 1253 3952 1309 4018; x_wconf 88' lang='lat' dir='ltr'><strong>sed</strong></span> <span class='ocrx_word' id='word_1_315' title='bbox 1340 3952 1437 4018; x_wconf 90' lang='lat' dir='ltr'><strong>etiam</strong></span> <span class='ocrx_word' id='word_1_316' title='bbox 1466 3973 1575 4018; x_wconf 87' lang='lat' dir='ltr'><strong>omnes</strong></span> 
     </span>
    </p>
   </div>
   <div class='ocr_carea' id='block_1_3' title="bbox 389 4114 1576 4201">
    <p class='ocr_par' dir='ltr' id='par_1_3' title="bbox 389 4114 1576 4201">
     <span class='ocr_line' id='line_1_35' title="bbox 389 4114 1576 4201; baseline -0.001 -15"><span class='ocrx_word' id='word_1_317' title='bbox 389 4131 409 4199; x_wconf 87' lang='lat'><strong>¹)</strong></span> <span class='ocrx_word' id='word_1_318' title='bbox 427 4129 491 4186; x_wconf 86' lang='lat' dir='ltr'><strong>Non</strong></span> <span class='ocrx_word' id='word_1_319' title='bbox 510 4134 566 4184; x_wconf 86' lang='lat' dir='ltr'><strong>tam</strong></span> <span class='ocrx_word' id='word_1_320' title='bbox 583 4147 627 4184; x_wconf 89' lang='lat' dir='ltr'><strong>res</strong></span> <span class='ocrx_word' id='word_1_321' title='bbox 644 4129 705 4200; x_wconf 86' lang='lat' dir='ltr'><strong>ipss</strong></span> <span class='ocrx_word' id='word_1_322' title='bbox 724 4130 873 4200; x_wconf 85' lang='lat' dir='ltr'><strong>conspicua</strong></span> <span class='ocrx_word' id='word_1_323' title='bbox 891 4135 933 4185; x_wconf 88' lang='lat' dir='ltr'><strong>est</strong></span> <span class='ocrx_word' id='word_1_324' title='bbox 951 4149 1032 4201; x_wconf 83' lang='lat' dir='ltr'><strong>quam</strong></span> <span class='ocrx_word' id='word_1_325' title='bbox 1051 4132 1112 4186; x_wconf 79' lang='lat' dir='ltr'><strong>tolie</strong></span> <span class='ocrx_word' id='word_1_326' title='bbox 1125 4132 1271 4187; x_wconf 85' lang='lat' dir='ltr'><strong>verborum</strong></span> <span class='ocrx_word' id='word_1_327' title='bbox 1284 4131 1448 4201; x_wconf 89' lang='lat' dir='ltr'><strong>compositio</strong></span> <span class='ocrx_word' id='word_1_328' title='bbox 1475 4117 1496 4200; x_wconf 80' lang='grc' dir='ltr'><em>ἡ</em></span> <span class='ocrx_word' id='word_1_329' title='bbox 1526 4114 1576 4179; x_wconf 62' lang='lat' dir='ltr'><strong>inl</strong></span> 
     </span>
    </p>
   </div>
   <div class='ocr_carea' id='block_1_4' title="bbox 299 4203 1577 4362">
    <p class='ocr_par' dir='ltr' id='par_1_4' title="bbox 299 4203 1577 4362">
     <span class='ocr_line' id='line_1_36' title="bbox 299 4203 1577 4292; baseline 0.004 -24"><span class='ocrx_word' id='word_1_330' title='bbox 299 4205 334 4269; x_wconf 84' lang='grc' dir='ltr'><strong>τὸ</strong></span> <span class='ocrx_word' id='word_1_331' title='bbox 357 4207 455 4286; x_wconf 82' lang='grc' dir='ltr'><strong><em>μέσον</em></strong></span> <span class='ocrx_word' id='word_1_332' title='bbox 478 4203 573 4287; x_wconf 81' lang='grc' dir='ltr'><strong><em>φορά.</em></strong></span> <span class='ocrx_word' id='word_1_333' title='bbox 609 4217 643 4273; x_wconf 84' lang='grc'><strong>18</strong></span> <span class='ocrx_word' id='word_1_334' title='bbox 668 4220 764 4274; x_wconf 88' lang='lat' dir='ltr'><strong>mundi</strong></span> <span class='ocrx_word' id='word_1_335' title='bbox 790 4219 863 4274; x_wconf 87' lang='lat' dir='ltr'><strong>onim</strong></span> <span class='ocrx_word' id='word_1_336' title='bbox 885 4220 1006 4275; x_wconf 90' lang='lat' dir='ltr'><strong>medium</strong></span> <span class='ocrx_word' id='word_1_337' title='bbox 1030 4221 1125 4292; x_wconf 80' lang='lat' dir='ltr'><strong>gravio</strong></span> <span class='ocrx_word' id='word_1_338' title='bbox 1150 4239 1267 4291; x_wconf 84' lang='lat' dir='ltr'><strong>corpora</strong></span> <span class='ocrx_word' id='word_1_339' title='bbox 1285 4221 1349 4276; x_wconf 85' lang='lat' dir='ltr'><strong>ferri</strong></span> <span class='ocrx_word' id='word_1_340' title='bbox 1367 4239 1422 4276; x_wconf 93' lang='lat' dir='ltr'><strong>non</strong></span> <span class='ocrx_word' id='word_1_341' title='bbox 1441 4239 1457 4275; x_wconf 86' lang='lat' dir='ltr'><strong>a</strong></span> <span class='ocrx_word' id='word_1_342' title='bbox 1475 4220 1577 4276; x_wconf 84' lang='lat' dir='ltr'><strong>Stoicis</strong></span> 
     </span>
     <span class='ocr_line' id='line_1_37' title="bbox 301 4290 1576 4362; baseline 0 -16"><span class='ocrx_word' id='word_1_343' title='bbox 301 4292 527 4346; x_wconf 86' lang='lat' dir='ltr'><strong>demumdictum</strong></span> <span class='ocrx_word' id='word_1_344' title='bbox 538 4296 587 4361; x_wconf 85' lang='lat' dir='ltr'><strong>est,</strong></span> <span class='ocrx_word' id='word_1_345' title='bbox 602 4291 650 4345; x_wconf 89' lang='lat' dir='ltr'><strong>sed</strong></span> <span class='ocrx_word' id='word_1_346' title='bbox 669 4290 723 4345; x_wconf 88' lang='lat' dir='ltr'><strong>iam</strong></span> <span class='ocrx_word' id='word_1_347' title='bbox 743 4300 805 4346; x_wconf 83' lang='lat' dir='ltr'><strong>anto</strong></span> <span class='ocrx_word' id='word_1_348' title='bbox 824 4292 883 4360; x_wconf 85' lang='lat' dir='ltr'><strong>hos,</strong></span> <span class='ocrx_word' id='word_1_349' title='bbox 903 4293 1023 4362; x_wconf 87' lang='lat' dir='ltr'><strong>exempli</strong></span> <span class='ocrx_word' id='word_1_350' title='bbox 1041 4293 1129 4362; x_wconf 72' lang='lat' dir='ltr'><strong>gratis</strong></span> <span class='ocrx_word' id='word_1_351' title='bbox 1147 4294 1181 4347; x_wconf 87' lang='lat' dir='ltr'><strong>ab</strong></span> <span class='ocrx_word' id='word_1_352' title='bbox 1200 4293 1350 4349; x_wconf 85' lang='lat' dir='ltr'><strong>Aristotele</strong></span> <span class='ocrx_word' id='word_1_353' title='bbox 1368 4292 1402 4347; x_wconf 88' lang='lat' dir='ltr'><strong>de</strong></span> <span class='ocrx_word' id='word_1_354' title='bbox 1415 4293 1491 4348; x_wconf 85' lang='lat' dir='ltr'><strong>caelo</strong></span> <span class='ocrx_word' id='word_1_355' title='bbox 1505 4292 1576 4358; x_wconf 71' lang='lat' dir='ltr'><strong>lvn</strong></span> 
     </span>
    </p>
   </div>
   <div class='ocr_carea' id='block_1_5' title="bbox 301 4364 1578 4541">
    <p class='ocr_par' dir='ltr' id='par_1_5' title="bbox 301 4364 1578 4541">
     <span class='ocr_line' id='line_1_38' title="bbox 301 4364 1578 4451; baseline -0.005 -15"><span class='ocrx_word' id='word_1_356' title='bbox 301 4382 377 4436; x_wconf 82' lang='lat' dir='ltr'>³11b</span> <span class='ocrx_word' id='word_1_357' title='bbox 405 4385 439 4434; x_wconf 81' lang='lat'><strong>29</strong></span> <span class='ocrx_word' id='word_1_358' title='bbox 464 4365 525 4428; x_wconf 76' lang='grc' dir='ltr'><strong><em>ἐστὶ</em></strong></span> <span class='ocrx_word' id='word_1_359' title='bbox 546 4367 645 4447; x_wconf 75' lang='grc' dir='ltr'><strong><em>μέσον</em></strong></span> <span class='ocrx_word' id='word_1_360' title='bbox 666 4364 749 4448; x_wconf 84' lang='grc' dir='ltr'><strong><em>πρὸς</em></strong></span> <span class='ocrx_word' id='word_1_361' title='bbox 771 4367 790 4428; x_wconf 87' lang='grc' dir='ltr'>ὃ</span> <span class='ocrx_word' id='word_1_362' title='bbox 813 4367 832 4450; x_wconf 83' lang='grc' dir='ltr'>ἡ</span> <span class='ocrx_word' id='word_1_363' title='bbox 857 4364 943 4449; x_wconf 81' lang='grc' dir='ltr'><strong><em>φορὰ</em></strong></span> <span class='ocrx_word' id='word_1_364' title='bbox 966 4373 1030 4437; x_wconf 81' lang='grc' dir='ltr'><strong><em>τοῖς</em></strong></span> <span class='ocrx_word' id='word_1_365' title='bbox 1052 4368 1159 4451; x_wconf 81' lang='grc' dir='ltr'><strong><em>ἔχουσι</em></strong></span> <span class='ocrx_word' id='word_1_366' title='bbox 1180 4367 1281 4451; x_wconf 82' lang='grc' dir='ltr'><strong><em>βάρος</em></strong></span> <span class='ocrx_word' id='word_1_367' title='bbox 1302 4367 1356 4430; x_wconf 81' lang='grc' dir='ltr'><strong>καὶ</strong></span> <span class='ocrx_word' id='word_1_368' title='bbox 1379 4367 1432 4450; x_wconf 63' lang='lat' dir='ltr'><strong>ep</strong></span> <span class='ocrx_word' id='word_1_369' title='bbox 1458 4364 1496 4431; x_wconf 84' lang='grc' dir='ltr'><strong>οὗ</strong></span> <span class='ocrx_word' id='word_1_370' title='bbox 1514 4371 1578 4436; x_wconf 84' lang='grc' dir='ltr'><strong><em>τοῖς</em></strong></span> 
     </span>
     <span class='ocr_line' id='line_1_39' title="bbox 301 4456 1577 4541; baseline 0.004 -22"><span class='ocrx_word' id='word_1_371' title='bbox 301 4456 445 4538; x_wconf 64' lang='grc' dir='ltr'><strong><em>κούφοις</em></strong></span> <span class='ocrx_word' id='word_1_372' title='bbox 464 4470 539 4524; x_wconf 93' lang='lat' dir='ltr'><strong>idem</strong></span> <span class='ocrx_word' id='word_1_373' title='bbox 558 4471 613 4524; x_wconf 87' lang='lat' dir='ltr'><strong>iam</strong></span> <span class='ocrx_word' id='word_1_374' title='bbox 630 4470 750 4524; x_wconf 81' lang='lat' dir='ltr'><strong>mediam</strong></span> <span class='ocrx_word' id='word_1_375' title='bbox 769 4488 827 4525; x_wconf 89' lang='grc'>8888</span> <span class='ocrx_word' id='word_1_376' title='bbox 846 4471 958 4526; x_wconf 88' lang='lat' dir='ltr'><strong>eandem</strong></span> <span class='ocrx_word' id='word_1_377' title='bbox 977 4476 1083 4541; x_wconf 83' lang='lat' dir='ltr'><strong>partem</strong></span> <span class='ocrx_word' id='word_1_378' title='bbox 1103 4476 1183 4541; x_wconf 73' lang='lat' dir='ltr'><strong>atque</strong></span> <span class='ocrx_word' id='word_1_379' title='bbox 1200 4471 1321 4526; x_wconf 88' lang='lat' dir='ltr'><strong>infimum</strong></span> <span class='ocrx_word' id='word_1_380' title='bbox 1341 4471 1369 4526; x_wconf 91' lang='lat' dir='ltr'><strong>iu</strong></span> <span class='ocrx_word' id='word_1_381' title='bbox 1388 4489 1448 4541; x_wconf 86' lang='lat' dir='ltr'><strong>cup.</strong></span> <span class='ocrx_word' id='word_1_382' title='bbox 1466 4471 1577 4526; x_wconf 76' lang='lat' dir='ltr'><strong>laudato</strong></span> 
     </span>
    </p>
   </div>
   <div class='ocr_carea' id='block_1_6' title="bbox 303 4545 1577 4704">
    <p class='ocr_par' dir='ltr' id='par_1_6' title="bbox 303 4545 1577 4704">
     <span class='ocr_line' id='line_1_40' title="bbox 303 4545 1577 4632; baseline 0.002 -18"><span class='ocrx_word' id='word_1_383' title='bbox 303 4560 405 4616; x_wconf 88' lang='lat' dir='ltr'><strong>docuit.</strong></span> <span class='ocrx_word' id='word_1_384' title='bbox 441 4560 535 4616; x_wconf 84' lang='lat' dir='ltr'><strong>Verbo</strong></span> <span class='ocrx_word' id='word_1_385' title='bbox 557 4566 647 4615; x_wconf 74' lang='lat' dir='ltr'><strong>anum</strong></span> <span class='ocrx_word' id='word_1_386' title='bbox 666 4559 702 4612; x_wconf 85' lang='lat' dir='ltr'><strong>ita</strong></span> <span class='ocrx_word' id='word_1_387' title='bbox 723 4561 888 4631; x_wconf 81' lang='lat' dir='ltr'><strong>compositu:</strong></span> <span class='ocrx_word' id='word_1_388' title='bbox 911 4547 930 4630; x_wconf 77' lang='grc' dir='ltr'><em>ἦ</em></span> <span class='ocrx_word' id='word_1_389' title='bbox 964 4545 1013 4610; x_wconf 65' lang='grc' dir='ltr'><strong>ἐπὶ</strong></span> <span class='ocrx_word' id='word_1_390' title='bbox 1044 4545 1079 4608; x_wconf 76' lang='grc' dir='ltr'><strong>τὸ</strong></span> <span class='ocrx_word' id='word_1_391' title='bbox 1106 4548 1204 4632; x_wconf 66' lang='grc' dir='ltr'><strong><em>μέσον</em></strong></span> <span class='ocrx_word' id='word_1_392' title='bbox 1241 4547 1327 4632; x_wconf 77' lang='grc' dir='ltr'><strong><em>φορά</em></strong></span> <span class='ocrx_word' id='word_1_393' title='bbox 1368 4561 1437 4618; x_wconf 81' lang='lat' dir='ltr'><strong>locis</strong></span> <span class='ocrx_word' id='word_1_394' title='bbox 1473 4568 1577 4617; x_wconf 68' lang='lat' dir='ltr'><strong>tontum</strong></span> 
     </span>
     <span class='ocr_line' id='line_1_41' title="bbox 303 4633 664 4704; baseline 0.008 -16"><span class='ocrx_word' id='word_1_395' title='bbox 303 4650 385 4704; x_wconf 84' lang='lat' dir='ltr'><strong>supra</strong></span> <span class='ocrx_word' id='word_1_396' title='bbox 403 4633 493 4689; x_wconf 84' lang='lat' dir='ltr'><strong>citatis</strong></span> <span class='ocrx_word' id='word_1_397' title='bbox 511 4637 664 4691; x_wconf 85' lang='lat' dir='ltr'><strong>occurrunt.</strong></span> 
     </span>
    </p>
   </div>
   <div class='ocr_carea' id='block_1_7' title="bbox 0 0 1852 5144">
    <p class='ocr_par' dir='ltr' id='par_1_7' title="bbox 0 0 1852 5144">
     <span class='ocr_line' id='line_1_42' title="bbox 0 0 1852 5144; baseline 0 0"><span class='ocrx_word' id='word_1_398' title='bbox 0 0 1852 5144; x_wconf 95' lang='lat' dir='ltr'><strong> </strong></span> 
     </span>
    </p>
   </div>
  </div>
 </body>
</html>
