3618 5164
803 353 1022 418 ..53-

266 553 371 632 negat.
417 547 512 615 Unde
535 549 679 632 officitur,
702 554 738 614 ut
760 573 780 614 a
803 549 933 615 Theone
951 552 1153 635 interipsum
1171 553 1445 617 ratiocinationem
1464 576 1542 618 uon-

267 655 356 719 uulla
374 657 578 738 inculcentur,
602 679 683 740 quae
702 657 787 741 apud
808 651 1006 741 Simplicium
1025 680 1089 724 uon
1107 659 1318 724 inveniuntur.
1364 659 1428 724 His
1450 661 1546 726 inter-

266 763 377 846 positis
400 763 622 847 addam-quoe
645 771 834 848 sequuntur:
1033 825 1035 832 ,
1078 749 1080 753 ’

468 870 557 936 Theo
583 870 648 938 Sm.
675 874 790 953 124‚19
815 871 859 936 H.
1093 869 1205 957 Simpl.
1228 896 1258 957 p.
1283 876 1377 956 556,1
1403 873 1498 940 Hoib.

265 977 361 1061 [δέκα
400 979 434 1042 δὲ
472 980 607 1044 σταδίων
645 980 724 1044 ἐστὶν
761 979 799 1063 ἡ]
840 986 903 1044 τῶν
932 980 1033 1064 ὁγὰρ
1052 981 1283 1065 Ἐρατοσθένης
1305 983 1361 1066 τὴν
1389 983 1452 1046 ἀπὸ
1482 989 1546 1048 τῶν

263 1085 472 1168 ὑψηλοτάτων
488 1088 575 1170 ὀρῶν
590 1086 671 1170 πρὸς
679 1086 716 1150 τὰ
726 1088 902 1170 χθαμαλώ-
930 1088 1139 1171 ὑψηλοτάτων
1155 1090 1242 1172 ὀρῶν
1258 1087 1307 1153 ἐπὶ
1320 1089 1356 1152 τά
1368 1090 1544 1172 χθαμαλώ-

263 1216 337 1255 τατα
352 1200 406 1276 τῆς
424 1200 481 1277 γῆς
499 1194 639 1277 ὑπεροχὴ
659 1194 738 1258 κατὰ
757 1195 902 1269 κάθετον,
929 1217 1004 1257 τατα
1036 1197 1210 1260 πίπτουσαν
1242 1197 1378 1260 κάθετον
1408 1197 1544 1262 δείκνυσι

262 1299 351 1362 καθά
374 1300 604 1384 Ἐρατοσθένης
631 1301 685 1365 καί
712 1301 902 1384 Δικαίαρχος
931 1301 981 1364 διὰ
1004 1307 1069 1366 τῶν
1092 1303 1126 1376 ἐξ
1156 1304 1387 1387 ἀποστημάτων
1409 1328 1542 1386 μετρου-

261 1408 427 1490 εύρηκέναι
457 1410 546 1490 φασί·
578 1409 632 1471 καί
662 1410 839 1492 δργανικῶς
868 1409 902 1473 δὲ
930 1413 997 1472 σῶν
1016 1408 1174 1492 διοπτρῶν
1193 1399 1329 1475 σταδίων
1343 1409 1441 1475 οὖσαν
1457 1412 1542 1475 δέκα.

260 1519 326 1584 ταῖς
363 1514 399 1577 τὰ
439 1516 473 1589 ἐξ
510 1516 742 1599 ἀποστημάτων
779 1518 900 1600 μεγέθη

260 1621 447 1703 μετρούσαις
467 1621 625 1705 διόπτραις
638 1622 804 1705 τηλικαῦτα
814 1623 899 1688 θεω-

260 1751 362 1810 ρειται.

354 1851 422 1934 Eis,
445 1874 527 1935 quoe
550 1852 637 1937 apud
656 1851 818 1918 Thoonem
841 1876 871 1938 p.
894 1857 1130 1936 125,1-126,8
1150 1859 1331 1937 sequuntur,
1354 1855 1440 1938 apud
1459 1853 1542 1921 Sim-

258 1957 387 2041 plicium
420 1960 465 2023 nil
496 1959 674 2044 respondet
719 1959 835 2044 Itaque
867 1963 1058 2027 omittamus.
1104 1961 1214 2027 Unum
1244 1967 1351 2025 autem
1374 1963 1539 2046 corrigam,

258 2065 351 2147 quod,
385 2073 540 2149 quantum
563 2068 663 2149 video,
696 2089 789 2132 nemo
823 2067 928 2133 adhuc
960 2069 1147 2133 emendavit.
1193 2068 1299 2132 Hiller
1326 2091 1356 2152 p.
1386 2072 1479 2150 126,5
1501 2076 1542 2134 et

261 2174 375 2252 127,21
397 2196 441 2257 sq.
460 2196 607 2240 numeros
625 2174 712 2240 haud
730 2181 815 2240 recto
834 2178 1036 2260 computavit.
1083 2175 1201 2246 Terrae
1219 2197 1366 2256 massam,
1389 2181 1426 2240 ut
1443 2199 1540 2261 supra

258 2282 299 2361 (p.
324 2283 387 2362 52.)
410 2280 485 2362 dixi,
509 2303 654 2347 emensus
677 2288 725 2347 est
743 2282 917 2348 secuudum
934 2283 1018 2348 hanc
1036 2283 1217 2348 formulam:
1251 2280 1424 2366 Sphaerus·
1433 2306 1539 2349 massa

257 2413 299 2442 =
318 2386 371 2452 (ll.
384 2387 466 2477 Ἣ
491 2392 710 2474 itaqueterrae
719 2411 826 2454 massa
840 2419 881 2447 =
898 2393 1009 2456 86182
1031 2388 1061 2454 ⁸.
1074 2389 1153 2478 Ἃ.
1199 2389 1261 2454 Est
1279 2395 1386 2455 autem
1406 2391 1537 2456 801822

258 2523 300 2549 =
327 2497 570 2579 6429153124,
600 2519 663 2562 uou
695 2498 929 2564 6427153124
961 2498 1047 2582 quod
1078 2497 1184 2562 Hiller
1214 2497 1293 2562 falso
1326 2499 1440 2581 posuit.
1485 2498 1538 2563 Ex

256 2624 319 2685 quo
342 2625 445 2670 errore
469 2606 564 2670 ceteri
587 2625 711 2689 quoque
733 2607 856 2670 numeri
888 2611 962 2670 sunt
991 2606 1103 2672 vitiosi.
1149 2604 1394 2670 Restituendmn
1423 2613 1471 2671 est
1493 2610 1534 2691 (p.

259 2710 436 2793 126‚6H):
483 2711 916 2801 270025043508297¹¹f„.
1290 2718 1294 2724 ’

345 2835 601 2904 Commemoratur
623 2843 725 2904 terrae
748 2839 968 2922 magnitudine
991 2839 1120 2922 exponit
1143 2838 1232 2903 Theo
1255 2837 1329 2902 inde
1348 2860 1369 2902 a
1387 2861 1416 2922 p.
1438 2841 1533 2920 126,8

253 2944 417 3027 rationem,
446 2967 511 3030 qua
539 2946 592 3011 hic
619 2968 768 3012 numerus
796 2945 939 3012 efficitur.
984 2946 1072 3011 Hinc
1093 2945 1325 3030 comparandus
1348 2945 1463 3010 iterum
1486 2952 1535 3010 est

254 3049 445 3136 Simplicius,

500 3160 590 3226 Theo
615 3164 709 3243 126,8
733 3183 778 3245 sq.
801 3160 845 3226 H.
1032 3159 1173 3245 Simplic.
1197 3183 1227 3244 p.
1247 3162 1364 3240 atala
1388 3159 1485 3225 Heib.

250 3268 343 3332 πάλιν
374 3269 435 3352 γάρ
468 3270 688 3334 ἀποδείκνυται
720 3277 826 3353 σχῆμα
854 3269 889 3333 τὸ
918 3270 1072 3334 δείκνυται
1104 3269 1138 3333 δὲ
1174 3271 1266 3332 πάλιν
1301 3268 1337 3332 τὸ
1374 3267 1437 3332 ὑπὸ
1476 3277 1530 3352 τῆς

250 3375 314 3438 ὑπὸ
336 3383 391 3460 τῆς
414 3377 582 3460 διαμέτρου
610 3377 663 3440 καὶ
691 3384 744 3461 τῆς
767 3377 888 3441 κύκλου
917 3378 1086 3459 διαμέτρου
1105 3377 1158 3440 καὶ
1176 3382 1231 3440 τοῦ
1250 3376 1395 3458 τετάρτου
1409 3376 1529 3458 μέρους

249 3485 447 3567 περιφερείας
461 3486 503 3555 είς
517 3485 643 3548 εὐθεῖαν
653 3485 888 3567 ἒξαπλουμένης
915 3491 969 3568 τῆς
998 3485 1185 3566 περιμέτρου
1218 3485 1285 3546 ἴσον
1316 3492 1363 3566 τῴ
1394 3485 1529 3566 ἒμβαδῴ

248 3591 471 3674 περιεχόμενον
495 3592 695 3674 ὀρθογώνιον
718 3593 886 3674 τετραπλά-
914 3598 970 3656 τοῦ
993 3592 1122 3665 κύκλου,
1155 3591 1201 3661 ὡς
1232 3591 1371 3672 γίνεσθαι
1399 3589 1434 3654 τδ
1462 3591 1527 3654 έπί-

249 3720 315 3761 σιον
352 3699 428 3762 εἶναι
464 3705 519 3763 τοῦ
557 3699 701 3782 ἔμβαδοῦ
741 3700 886 3782 τετάρτου
914 3701 1012 3764 πεδον
1034 3705 1089 3763 τοῦ
1113 3699 1233 3763 κύκλου
1256 3698 1318 3762 κτλ.

246 3805 366 3888 μέρους
379 3813 433 3890 τῆς
447 3807 592 3889 σφαίρας,
611 3809 680 3871 ἴσου
697 3816 743 3890 τῴ
752 3808 887 3890 δμβαδῴ

246 3918 301 3976 τοῦ
324 3913 454 3978 κύκλου.

335 4035 509 4102 Interiecta
527 4043 576 4103 est
594 4037 680 4122 apud
699 4037 862 4103 Thoonem
880 4061 910 4122 p.
933 4039 1193 4118 126,12-127,2
1212 4037 1421 4117 ratiocinatio
1445 4058 1526 4118 quae

245 4143 332 4229 apud
356 4142 556 4228 Simplicium
578 4168 641 4212 nou
665 4147 837 4226 invenitur3
868 4145 1021 4229 probatur
1049 4151 1155 4210 autem
1181 4145 1255 4210 hoc:
1298 4146 1468 4228 εὑρίσκεται
1490 4145 1526 4207 τὸ

245 4252 309 4316 ἀπὸ
341 4259 396 4336 τῆς
429 4253 597 4335 διαμέτρου
630 4255 826 4337 τετράγωνον
857 4254 938 4336 πρὸς
970 4254 1005 4316 τὸ
1037 4253 1179 4336 ἐμβαδὸν
1206 4260 1261 4318 τοῦ
1289 4253 1409 4317 κύκλου
1433 4252 1528 4333 λόγον

244 4361 327 4442 ἔχον,
351 4361 388 4424 ὃν
411 4361 454 4423 ιδ’
477 4361 559 4444 πρὸς
582 4362 630 4424 ια’.
677 4359 771 4426 Haec
792 4382 868 4445 pars
891 4360 949 4425 sub
972 4359 1068 4424 finem
1091 4359 1239 4425 mutilata
1256 4359 1388 4424 videtur.
1434 4357 1526 4422 Post

243 4487 339 4549 quam
374 4467 458 4531 enim
490 4488 589 4550 usque
622 4467 664 4531 ad
698 4471 815 4549 126,25
849 4468 1018 4552 planarum
1050 4467 1144 4534 modo
1174 4466 1346 4552 figurarum
1368 4465 1455 4531 facta
1477 4470 1527 4530 est

242 4576 370 4656 mentio,
393 4573 497 4639 subito
521 4574 560 4639 de
583 4575 692 4640 solidis
714 4576 822 4640 formis
846 4577 959 4660 agitur,
991 4575 1031 4640 de
1054 4575 1134 4641 cubo
1158 4581 1190 4640 et
1212 4573 1363 4660 cylindro,
1390 4574 1445 4655 qui
1468 4593 1525 4638 our

241 4687 374 4751 utantur
405 4681 517 4750 codem
548 4683 672 4753 ratione
704 4687 776 4754 14:
802 4685 854 4770 11,
885 4703 949 4756 nou
982 4683 1165 4773 explicatur.
1218 4681 1383 4751 Lacunam
1414 4680 1512 4767 igitur
