3618 5164
818 258 1037 320 ,γο-

289 441 323 503 in
357 441 461 508 medio
493 443 687 529 relinquitur,
720 449 826 533 itaque
855 456 923 516 tota
949 454 1031 518 ratio
1054 461 1103 520 est
1124 457 1314 540 imperfecta.
1361 455 1482 520 Tamen
1505 455 1565 521 hoc

282 547 356 613 loco
388 551 514 633 opticen
545 551 632 618 haud
661 555 784 640 neglegi
809 559 1050 643 animadvertas
1081 585 1207 646 quaese.
1252 563 1339 628 Nam
1362 569 1446 628 recte
1469 561 1564 627 lunae

286 653 399 719 umbra
422 655 537 723 dieitur
560 681 639 725 cono
662 662 781 746 similis,
804 661 829 728 i.
844 687 869 730 e.
893 665 999 750 solem,
1023 692 1043 733 a
1061 692 1123 753 quo
1141 669 1218 735 luna
1237 671 1442 751 illuminatur,
1466 670 1563 736 maio-

284 783 351 825 rem
376 783 443 828 esse
466 763 544 830 luna
568 766 752 835 Cleomedes
777 775 898 854 statuit;
934 776 1026 858 quod,
1050 779 1200 860 quoniam
1233 778 1303 842 aliis
1335 779 1412 842 locis
1441 799 1491 842 res
1521 777 1563 843 ad

287 870 412 952 opticen
434 873 627 954 pertinentes
651 898 758 943 secure
787 885 939 946 tractatas
972 904 1040 948 esse
1071 885 1205 950 vidimus
1237 908 1341 970 supra,
1374 885 1482 969 magni
1515 890 1564 949 est

286 979 445 1042 momenti.
470 1018 507 1026 -
535 979 621 1046 Fieri
645 1005 720 1050 sane
743 989 855 1070 potuit,
879 996 915 1054 ut
939 989 1082 1056 adhibita
1105 991 1179 1058 solis
1202 992 1376 1058 defectione
1399 997 1561 1076 computa·

282 1088 369 1147 retur
400 1083 494 1150 lunae
525 1086 706 1173 diametrus,
739 1094 795 1159 sed
825 1117 904 1178 opus
935 1104 1004 1162 erat
1026 1100 1114 1180 scire,
1147 1106 1301 1183 quantum
1324 1100 1401 1165 luna
1424 1099 1520 1164 distet
1542 1121 1563 1164 a

283 1195 376 1254 terra.
421 1191 585 1260 Invenisse
608 1198 706 1280 igitur
728 1201 805 1265 mihi
824 1203 949 1270 videtur
968 1205 1153 1272 Cleomedes
1177 1208 1262 1292 apud
1286 1215 1446 1272 auctorem
1470 1228 1561 1271 suum

287 1296 376 1361 illam
397 1301 552 1365 rationem
576 1303 623 1387 (cf.
647 1328 677 1389 p.
704 1311 980 1395 1711110111),
1013 1314 1069 1378 sed
1100 1315 1184 1398 quod
1214 1336 1283 1379 eam
1308 1336 1372 1380 non
1394 1314 1561 1399 perspexit,

286 1404 335 1468 vel
369 1405 433 1470 alia
465 1407 503 1472 de
536 1429 633 1476 causa
662 1435 726 1478 non
749 1417 904 1500 integram
927 1421 1085 1486 rettulisse
1109 1428 1140 1486 et
1162 1423 1196 1486 in
1220 1428 1390 1506 angustum
1413 1422 1560 1506 coegisse.

376 1513 402 1576 ὁ.
426 1512 587 1581 Absoluta
605 1525 653 1584 est
670 1528 780 1587 nostra
799 1524 837 1588 de
850 1525 1047 1593 Cleomedeis
1066 1529 1140 1594 solis
1159 1530 1315 1615 lunaeque
1334 1529 1559 1595 diametrorum

281 1621 437 1684 mensuris
453 1621 637 1706 disquisitio.
686 1628 999 1714 Comprehendamus
1022 1658 1103 1719 quae
1127 1635 1295 1702 effecimus.
1341 1636 1393 1702 Ac
1422 1637 1560 1720 primum

281 1726 408 1809 quidem
432 1751 496 1794 non
519 1731 648 1798 dubium
678 1742 733 1817 est,
757 1740 833 1821 quin
856 1745 1049 1825 computatio
1072 1745 1199 1827 quidem
1222 1768 1252 1829 p.
1278 1744 1558 1826 meae-leena

281 1833 400 1900 tradita
422 1857 456 1901 re
480 1859 554 1903 vera
577 1842 808 1913 sitPosidonio
832 1848 1009 1932 tribuenda,
1032 1872 1134 1935 neque
1157 1857 1264 1917 tamen
1288 1853 1330 1917 sit
1351 1852 1497 1916 instituta
1515 1888 1551 1899 -

280 1939 378 2004 Plinii
401 1945 441 2029 (n.
465 1944 494 2008 11.
518 1945 564 2028 H,
590 1951 608 2030 ἕ
633 1952 687 2031 85)
710 1957 782 2017 1101
804 1955 907 2020 verbis
1011 1966 1065 2040 „ut
1087 1982 1244 2042 mensura,
1278 1960 1333 2025 sed
1364 1963 1402 2023 ut
1432 1964 1558 2023 tantum

281 2050 459 2115 aestimatio
483 2055 681 2121 coniectandi
705 2066 828 2126 constet
850 2065 983 2131 anim0.“
1019 2105 1057 2114 -
1091 2067 1174 2132 Tum
1198 2068 1240 2132 ad
1263 2067 1469 2132 Posidonium
1492 2087 1557 2130 non

280 2154 382 2222 redire
401 2157 614 2227 demonstravi
633 2171 743 2231 contra
753 2166 942 2254 Arnoldum,
965 2196 1047 2257 quae
1066 2181 1192 2240 exstant
1214 2199 1244 2260 p.
1266 2175 1555 2256 meur-1503&

283 2300 325 2310 —
350 2263 477 2330 Deinde
503 2267 704 2337 Cleomedem
728 2275 787 2340 sibi
811 2285 954 2346 constare
984 2303 1074 2366 nego.
1121 2281 1198 2348 Sine
1230 2282 1294 2347 ullo
1326 2281 1442 2346 iudicio
1472 2281 1555 2345 co'm-

280 2371 370 2453 ponit
393 2371 532 2439 diversas
556 2382 760 2463 computandi
782 2387 920 2452 rationes
943 2410 1041 2472 eoque
1064 2391 1207 2474 procedit
1228 2390 1415 2468 securitatis
1437 2392 1475 2451 ut
1492 2385 1555 2451 alio

279 2475 348 2542 loco
373 2488 550 2547 versaretur
573 2485 665 2551 aliter
687 2489 720 2552 in
742 2491 836 2556 rebus
860 2494 902 2558 ad
924 2498 1049 2580 opticen
1071 2497 1309 2581 pertinentibus.
1330 2495 1554 2560 -Postremo

279 2584 472 2652 levissimum
496 2593 687 2678 minimoque
709 2600 888 2681 praeditum
912 2604 1038 2688 ingenio
1063 2605 1176 2688 ubique
1200 2628 1232 2669 se
1255 2603 1394 2688 praebet.
1439 2601 1554 2684 Itaque

279 2715 435 2776 nusquam
460 2699 566 2763 statim
590 2702 636 2766 illi
659 2705 834 2773 tribuamus
857 2709 961 2793 fidem,
993 2713 1048 2778 sed
1080 2715 1358 2797 quotienscumque
1389 2708 1475 2775 illius
1506 2708 1553 2772 uti

278 2802 457 2868 testimonio
480 2805 633 2874 habemus
656 2812 688 2876 in
713 2816 827 2898 animo,
850 2825 942 2884 caute
965 2822 1032 2885 eius
1055 2822 1151 2887 verba
1173 2823 1396 2885 examinemus.

368 2931 396 2992 g.
428 2911 589 2997 Imprimis
621 2926 726 2984 autem
757 2926 852 2989 etiam
879 2927 940 2993 hac
963 2931 1146 3012 quaestione
1168 2934 1298 3013 peracta
1320 2927 1456 3011 primum
1479 2944 1551 2989 con·

278 3013 430 3099 firmatur,
454 3022 539 3102 quod
560 3025 624 3088 iam
642 3029 807 3112 prioribus,
831 3035 944 3117 quibus
963 3039 1138 3121 comparari
1157 3042 1326 3121 potuerunt
1344 3035 1404 3100 loci
1424 3055 1463 3097 ex
1481 3031 1551 3096 aliis

278 3125 482 3207 scriptoribus
519 3129 634 3214 hausti,
674 3137 928 3221 inquisitionibus
951 3145 1215 3211 ‘demonstratum
1248 3151 1304 3225 est,
1337 3139 1551 3210 Cleomedis

275 3235 442 3298 numeris
465 3259 509 3301 ne
533 3241 721 3308 minimam
741 3249 890 3330 quidem
909 3255 1178 3320 auctoritatem
1197 3275 1278 3318 esse
1296 3248 1551 3326 tribuendam,

275 3342 343 3402 tum
375 3343 617 3424 prohibemur
650 3355 786 3436 omnino,
818 3379 861 3422 ne
895 3360 939 3425 ab
970 3361 1038 3426 illo
1066 3363 1210 3426 servari
1233 3380 1371 3425 meram
1394 3362 1432 3421 et
1453 3357 1550 3419 inte·

274 3467 377 3527 gram
401 3449 600 3519 Posidonii
624 3458 835 3528 doctrinam
860 3469 1061 3550 opinemur.

363 3572 399 3638 O.
446 3574 482 3642 Si
514 3578 593 3645 haec
625 3584 782 3668 profiteor,
814 3613 917 3656 meam
949 3597 1138 3660 sententiam
1171 3617 1239 3661 esse
1262 3595 1450 3661 contrariam
1475 3593 1550 3658 viris

272 3676 372 3744 doctis
390 3680 552 3769 Martinio,
572 3687 735 3774 Muellero,
755 3693 900 3764 Arnoldo
923 3701 1011 3767 haud
1033 3705 1151 3787 ignoro.
1196 3703 1284 3768 Nam
1302 3724 1383 3787 quae
1401 3701 1550 3786 leguntur

271 3786 357 3867 apud
377 3787 586 3878 Cleomedem,
609 3799 710 3865 redire
730 3803 772 3868 ad
788 3805 993 3874 Posidonium
1011 3813 1152 3895 plerique
1172 3813 1311 3877 crodunt.
1356 3810 1429 3876 Iam
1446 3811 1547 3895 prius·
1607 3823 1609 3830 '

271 3915 367 3975 quam
376 3895 510 3964 Martini
534 3917 753 3988 composuerat
775 3935 864 3978 suam
885 3916 923 3980 de
942 3920 1178 4001 quaestionibus
1195 3919 1416 3985 Posidonianis
1435 3917 1547 3982 disser-

270 4002 431 4085 tationem,
455 4009 561 4090 opinio
585 4013 640 4078 illa
662 4017 877 4087 increbruerat
898 4023 1147 4115 fulciebaturque
1169 4027 1238 4093 loco
1262 4027 1324 4109 illo,
1348 4027 1403 4110 qui
1434 4033 1483 4091 est
1513 4027 1547 4090 in

267 4105 330 4172 fine
354 4109 532 4179 Cleomedis
555 4117 628 4184 libri
650 4127 784 4207 (228,4):
807 4131 843 4192 τὰ
866 4133 966 4196 πολλὰ
992 4136 1026 4199 δὲ
1048 4143 1112 4200 τῶν
1135 4139 1311 4220 εἰρημένων
1334 4137 1370 4199 ἔκ
1393 4141 1457 4200 τῶν
1475 4135 1544 4198 Πο-

267 4217 430 4283 σειδωνίου
454 4225 599 4307 citamur.
645 4228 697 4294 Ex
725 4236 886 4318 scripturis
914 4241 1050 4306 virorum
1080 4243 1252 4324 doctorum,
1285 4264 1363 4327 quos
1395 4264 1452 4327 per
1483 4241 1545 4306 dis·

267 4323 467 4403 quisitionem
491 4339 630 4399 nostram
664 4339 868 4426 inspeximus,
901 4347 1017 4414 multos
1048 4372 1176 4434 possum
1209 4351 1392 4435 depromere
1423 4347 1544 4430 locos¹)‚

363 4505 385 4573 1)
405 4507 546 4580 cf.Zellcr,
564 4511 636 4568 Phil.
652 4516 677 4570 d.
693 4517 806 4589 (11111,
828 4523 862 4592 1³,
881 4544 908 4594 p.
922 4529 971 4581 186
982 4528 1083 4599 adnm
1102 4550 1129 4600 p.
1149 4536 1213 4601 690;
1233 4530 1419 4598 Mucllenhoff,
1438 4527 1543 4584 Dteche

266 4572 510 4638 Altcrtumskuude
529 4583 553 4657 I,
574 4590 638 4658 2695
661 4593 719 4661 193,
739 4592 799 4646 adu.
816 4598 844 4664 23
864 4596 904 4668 11,
927 4603 989 4670 1753
1008 4601 1112 4673 Hirzel,
1131 4604 1323 4677 Untersuchgn
1333 4605 1357 4675 Ι,
1378 4608 1426 4658 193
1437 4603 1543 4670 adn-23

1773 390 1800 412 *a

1799 539 1800 562 1

1799 1159 1800 1192 1

1799 1327 1800 1392 1

1799 1399 1800 1456 1
