3618 5164
770 403 992 473 ..61-

328 606 419 694 Quae
447 630 519 673 curn
550 607 597 671 ita
623 606 695 687 sint,
724 605 876 670 dissentio
910 606 950 671 ab
982 603 1138 687 Aruoldo,
1171 607 1222 690 qui
1248 629 1278 691 p.
1301 609 1345 670 44
1370 628 1414 689 sq.
1437 605 1521 671 hauc

238 723 360 803 partem
388 720 429 800 (p.
458 715 749 796 malr-leam)
777 713 889 778 tribuit
915 713 1095 778 Posidonio.
1143 712 1308 779 Gravitate
1338 720 1445 778 autem
1476 715 1522 779 rei

236 824 424 909 postulatur,
455 828 492 887 ut
524 827 669 886 accurate
703 821 918 885 examinemus
950 818 1087 884 Amoldi
1119 822 1316 898 sententiam.
1364 820 1521 900 Concedo,

238 931 323 1016 quod
340 931 422 996 bene
441 929 587 1013 exposuit
603 924 731 992 Aruold
749 930 790 1010 (p.
810 929 963 1008 41--43J,
983 949 1003 992 a
1022 927 1191 992 Oleomede
1210 931 1348 994 auctoris
1365 929 1522 993 rationem

237 1038 330 1105 valde
358 1059 426 1102 esse
464 1040 667 1115 contractam,
703 1034 789 1117 quod
819 1034 1053 1100 demonstratur
1082 1033 1193 1116 Maon,
1222 1057 1333 1100 comm.
1361 1037 1394 1100 in
1423 1058 1522 1101 somn.

240 1144 324 1229 Scip.
348 1144 378 1227 l,
403 1146 475 1225 200
506 1148 697 1226 comparato.
742 1141 853 1206 Reicio
881 1163 954 1206 0000
982 1141 1067 1225 (10100
1103 1142 1245 1225 disputat
1272 1146 1313 1226 (p.
1336 1147 1380 1208 44
1403 1145 1460 1228 sq.)
1483 1144 1522 1208 de

236 1254 349 1319 ceteris
379 1250 558 1318 Cleomedis
586 1250 750 1342 mensuris.
796 1233 961 1313 Primum
989 1250 1073 1314 enim
1106 1250 1203 1314 nolim
1232 1251 1407 1334 neglegere,
1437 1273 1520 1334 quae

129 1364 131 1370 '
237 1360 320 1425 Plin.
353 1382 383 1424 11.
411 1358 441 1423 11.
469 1358 516 1439 Π,
540 1360 559 1441 §
582 1359 625 1422 85
659 1355 833 1421 Posidonio
865 1356 934 1439 ipso
966 1357 1128 1421 nominato
1161 1355 1260 1421 affert.
1305 1358 1520 1442 Philosophus

134 1455 135 1458 Ἴ
237 1466 449 1552 Apameensis
472 1466 582 1530 lunam
605 1471 733 1528 eterra
756 1463 874 1527 distare
897 1465 1059 1528 2000000
1084 1463 1173 1545 stad,
1193 1465 1292 1529 solem
1312 1468 1520 1533 500000000

241 1573 321 1641 stad.
355 1574 470 1654 docuit,
503 1573 558 1656 qui
589 1572 712 1636 numeri
744 1593 813 1636 cum
838 1569 933 1654 plane
967 1570 1090 1640 diversi
1113 1571 1177 1636 siut
1209 1571 1249 1636 ab
1276 1573 1324 1653 iis,
1351 1575 1406 1656 qui
1436 1574 1524 1658 apud

239 1681 816 1764 0100000001148,4-120014023
829 1678 1067 1770 0011000000000,
1077 1699 1195 1762 magna
1204 1680 1523 1747 contraOleomedem

193 1858 196 1866 ,
236 1794 380 1855 movetur
408 1775 553 1871 suspicio.
598 1784 724 1850 Aruold
750 1772 809 1850 bas
838 1783 1041 1850 difficultates
1070 1784 1179 1850 tollere
1207 1787 1314 1862 studet
1340 1787 1390 1852 his
1418 1788 1522 1854 verbis

239 1901 282 1981 (p.
304 1897 374 1980 45):
398 1893 636 1977 „affirmaverim
655 1895 708 1958 via
725 1893 864 1976 quadam
883 1893 1017 1959 docendi
1035 1893 1082 1958 uti
1101 1894 1293 1977 scriptorem,
1312 1917 1376 1977 qua
1394 1895 1522 1962 demon·

239 2010 357 2069 stretur
391 2002 468 2086 quid
499 2000 674 2067 rationibus
711 1999 866 2066 efficiatur
897 2001 1041 2084 quamvis
1073 2007 1157 2065 recte
1180 2001 1341 2083 institutis,
1373 2025 1445 2068 curn
1477 2006 1523 2070 in·

237 2111 330 2176 firma
358 2111 515 2195 quaedam
544 2130 582 2173 00
605 2108 702 2173 dubia
724 2107 914 2192 ponantur.”
961 2107 1120 2190 Equidem
1147 2107 1353 2175 Posidonium
1381 2116 1447 2175 tam
1476 2114 1522 2176 in·

237 2218 364 2284 firmum
387 2223 482 2300 atque
506 2216 636 2281 dubiurn
659 2215 908 2296 fundamentum,
932 2215 1025 2299 quale
1048 2237 1116 2280 esse
1139 2214 1219 2281 illud
1243 2218 1425 2283 διπλασίονα
1444 2221 1520 2284 εἶναι

243 2327 299 2412 τὴν
324 2333 382 2410 γῆν
404 2333 458 2409 τῆς
481 2325 611 2408 σελήνης
633 2322 835 2407 probavimus
859 2345 955 2406 supra
977 2325 1018 2406 (p.
1039 2324 1101 2405 60),
1125 2324 1234 2388 iecisse
1261 2325 1378 2408 nogo,¹)
1403 2327 1521 2391 nedum

242 2455 281 2498 ex
290 2433 344 2498 illo
353 2432 512 2517 profectus
522 2432 571 2496 sit.
617 2429 731 2513 Itaque
746 2429 901 2515 contendo
912 2451 960 2511 00,
970 2451 1052 2514 quae
1062 2436 1229 2515 0110000011.
1242 2434 1522 2516 140,17-150,23

239 2541 411 2607 Posidonio
439 2560 506 2604 esse
534 2537 756 2618 abiudicanda,
784 2539 921 2621 primum
948 2538 1034 2622 quod
1062 2537 1191 2603 absurdi
1218 2540 1295 2622 quid
1321 2562 1379 2624 pro
1409 2541 1522 2608 funda-

243 2654 350 2714 mento
382 2648 519 2732 ponitur,
551 2652 619 2710 tum
651 2645 737 2729 quod
768 2651 876 2729 aperte
907 2651 1054 2729 pugnant
1084 2647 1206 2711 numeri
1239 2646 1420 2714 0100100000
1452 2672 1524 2715 0010

220 2756 388 2837 00100000,
422 2776 500 2838 quos
533 2759 565 2819 00
595 2752 720 2818 Plinius
751 2754 914 2818 nominato
945 2752 1117 2819 Posidonio
1145 2752 1237 2819 affert
1264 2760 1296 2820 et
1322 2755 1419 2840 paulo
1448 2763 1523 2824 ante

240 2862 425 2930 0100010000
453 2862 521 2946 ipse
549 2859 659 2927 tribuit
686 2859 866 2926 Posidonio.
913 2860 970 2924 An
997 2861 1067 2945 quis
1094 2860 1302 2928 Posidonium
1330 2885 1393 2929 nou
1424 2888 1521 2932 unam

240 2992 431 3051 mensuram,
455 2969 511 3034 000
534 2968 710 3053 complures
733 2969 881 3033 statuisse
904 2965 1035 3034 credat?

332 3094 465 3161 Addam
488 3096 553 3160 iam
577 3094 717 3178 singulas
739 3105 798 3175 000,
821 3093 935 3177 quibus
953 3092 1049 3158 fidem
1070 3098 1244 3162 sententiae
1267 3119 1357 3162 meae
1381 3121 1523 3182 augeam.

239 3203 350 3269 Utitur
383 3202 569 3269 0100100000
601 3206 642 3285 (p.
674 3203 802 3282 146,28)
834 3223 983 3266 mensura
1013 3204 1143 3267 maximi
1184 3209 1286 3268 terrae
1328 3206 1436 3272 circuli
1478 3208 1519 3272 ab
1569 3195 1571 3200 ⁸

238 3309 453 3376 Eratosthene
487 3314 617 3390 0000000,
649 3330 745 3392 quam
777 3309 887 3374 dubito
920 3330 962 3373 an
993 3331 1057 3373 uon
1089 3309 1279 3376 Posidonius
1307 3317 1522 3396 anteposuerit

237 3439 369 3484 numero
393 3438 413 3482 0
436 3439 469 3482 se
493 3421 688 3501 computato3
712 3437 776 3500 qua
808 3416 847 3480 de
880 3437 914 3480 00
948 3418 1012 3480 0001
1040 3416 1139 3482 fusius
1168 3420 1289 3502 egimus
1307 3422 1348 3503 (p.
1367 3423 1520 3504 46-48).
1615 3417 1618 3423 ’

238 3525 365 3590 Deinde
384 3525 540 3590 levissime
559 3523 708 3589 definitur
725 3530 828 3588 terrae
848 3523 1028 3604 diametrus,
1048 3525 1097 3589 vel
1115 3530 1151 3589 ut
1168 3527 1201 3588 in
1211 3527 1390 3592 universum
1399 3529 1520 3613 loquar,

237 3654 386 3698 numerus
402 3659 436 3707 01,
459 3654 490 3715 p.
517 3634 620 3712 148,2,
649 3633 682 3712 61
710 3633 812 3712 leuc,
831 3630 916 3715 quod
934 3632 1063 3695 minime
1082 3653 1121 3696 ex
1139 3654 1225 3696 more
1243 3632 1405 3700 Posidonii
1422 3636 1519 3701 fuisse

236 3761 333 3824 supra
366 3738 649 3805 demonstravimus
681 3741 723 3822 (p.
754 3740 907 3816 48-50).
941 3775 983 3785 —
1017 3737 1108 3803 Tum
1139 3739 1225 3822 apud
1257 3738 1438 3806 Aruoldum
1477 3748 1518 3828 (p,

237 3850 280 3912 44
304 3850 361 3931 sq.)
384 3846 464 3911 haec
486 3845 633 3930 legimus:
680 3844 813 3927 „Nonne
837 3844 923 3910 vides
946 3850 1047 3910 totam
1070 3845 1153 3911 hanc
1180 3849 1336 3912 rationem
1362 3848 1518 3931 proficisci

238 3954 279 4019 ab
302 3975 349 4037 eo,
372 3954 458 4038 quod
481 3954 610 4037 ponitur
632 3953 730 4018 solem
753 3974 821 4018 esse
842 3951 914 4041 ¹j'750
933 3954 1041 4018 circuli
1060 3955 1117 4034 sui,
1141 3955 1195 4037 qui
1217 3976 1366 4020 uumerus
1385 3955 1519 4023 efficitur

241 4061 434 4148 hydrologiis
458 4057 631 4125 adhibitis?
677 4059 878 4144 Repetuntur
901 4061 946 4126 sic
969 4083 1015 4141 00,
1044 4083 1125 4144 (1000
1148 4083 1245 4144 supra
1267 4063 1423 4146 copiosius
1446 4072 1521 4130 sunt

240 4169 407 4254 explicata,
431 4189 512 4252 quae
531 4167 814 4233 demonstravimus
832 4190 904 4233 vere
923 4190 991 4233 esse
1010 4168 1251 4233 Posidoniana.“
1296 4169 1453 4236 Provocat
1476 4173 1518 4236 ad

237 4298 268 4360 p.
295 4277 566 4357 130,23-138,5,
596 4273 651 4339 ubi
673 4277 764 4356 ratio,
794 4297 858 4357 qua
888 4275 1060 4340 diametrus
1091 4275 1165 4339 solis
1187 4276 1343 4359 reperitur
1365 4279 1518 4343 contineri

239 4383 466 4467 septingenties
488 4382 698 4466 quinquagies
720 4383 819 4466 ipsius
842 4382 967 4464 circulo,
995 4402 1071 4447 sane
1100 4384 1274 4466 exponitur.
1321 4382 1387 4450 Sed
1410 4388 1518 4450 statim

328 4599 353 4667 ι)
371 4596 469 4667 Itaque
487 4595 653 4651 Posidonius
672 4613 727 4650 non
747 4596 840 4651 subest
858 4595 984 4650 Ciceroni
1003 4596 1037 4650 de
1056 4601 1110 4650 nst.
1130 4596 1401 4666 deor.H‚40,103:
1422 4599 1518 4666 ,Luna

240 4687 309 4740 quse
328 4674 377 4740 000,
395 4675 427 4724 00
445 4668 592 4723 ostendunt
610 4667 806 4737 mathematici,
831 4668 919 4722 1110000
938 4686 1018 4736 quam
1037 4667 1152 4723 dimidia
1169 4685 1233 4737 pars
1251 4669 1364 4737 terrae'·‘,
1390 4671 1433 4727 cui
1453 4672 1516 4726 loco

242 4742 372 4801 annexuit
390 4740 650 4814 disputatiunculam
668 4739 772 4812 Hirzol,
791 4738 1035 4812 Untorsuobungon
1054 4739 1078 4811 1,
1100 4744 1149 4794 193
1169 4741 1231 4796 000.
1251 4743 1275 4798 2.
