3632 5144
806 343 1026 406 ..37-

274 535 545 618 ᾶαοόείξεσινῙ)
579 539 710 601 ἔπεσθαι
740 539 975 620 συνειόισμένος
1002 538 1124 622 ἢόέσόη
1148 540 1204 624 τήν
1226 565 1258 604 τε
1280 538 1362 623 πρὸς
1383 540 1421 604 τὰ
1445 546 1559 625 σαφῶς

273 643 449 727 φαινόμενα
465 644 573 728 μάχην
588 645 641 708 καὶ
656 644 712 728 τὴν
727 646 824 709 αὐτοῦ
839 645 921 727 πρὸς
937 644 1033 710 αὑτὸν
1049 647 1276 729 ἕναντιολογίαν
1291 653 1347 712 τοῦ
1363 648 1557 732 Χρυσίππου

272 751 327 814 καὶ
349 757 488 834 πειρᾶται
510 753 556 836 μὴ
575 751 677 834 μόνον
696 751 807 816 ἑαυτὸν
825 759 888 823 τοῖς
904 751 1157 835 Πλατωνικοῖθ),
1182 753 1258 818 ἀλλὰ
1282 755 1336 819 καὶ
1358 754 1413 820 τὸν
1436 755 1558 821 Κιττιέα

273 858 410 943 Ζήνωνα
433 860 611 941 προσάγειν,
636 861 667 923 οἱ
690 859 724 924 όὲ
747 861 834 924 ἄλλοι
848 860 988 924 Στωικοὶ
1011 859 1126 944 σχεόόν
1145 862 1279 932 ἅπαντες
1297 863 1357 926 οὐκ
1378 863 1449 928 olda
1468 864 1559 935 ὅπως

272 967 404 1030 theodor
418 967 538 1048 μᾶλλον
554 967 601 1038 οῖς
616 967 736 1051 ἐσφάλη
753 966 943 1050 Χρύσιππος
959 968 1172 1050 ὑπομένουσιν
1190 971 1210 1052 ἢ
1234 968 1368 1053 τάληθὲς
1395 972 1558 1054 αἱρεῖσθαι.

274 1071 368 1138 Haec
391 1073 572 1138 testimonia
589 1071 706 1139 Galoni
725 1079 852 1138 nostrae
870 1073 1067 1157 inquisitioni
1090 1095 1127 1140 eo
1150 1075 1279 1140 maioris
1301 1080 1377 1141 sunt
1397 1078 1559 1160 momenti,

272 1178 358 1262 quod
391 1185 460 1244 erat
491 1179 633 1263 aequalis
666 1180 716 1245 vel
747 1181 849 1245 maior
877 1186 956 1246 natu
988 1181 1130 1264 aequalis
1154 1180 1342 1248 Cleomedis.
1390 1182 1558 1250 Confidere

271 1309 438 1370 possumus
462 1287 529 1352 eius
546 1287 715 1353 eruditioni
734 1309 772 1353 ao
795 1289 928 1353 veritati.
974 1288 1089 1372 ltaque
1107 1287 1209 1354 multa
1227 1309 1344 1371 eorum,
1367 1312 1449 1373 quae
1467 1290 1556 1357 Posi-

274 1393 388 1460 donius
405 1394 645 1478 praedicaverat
662 1417 745 1461 nova
762 1395 953 1478 reliquisque
964 1393 1081 1462 Stoicis
1090 1396 1245 1481 opposita,
1265 1397 1382 1462 sensim
1401 1397 1556 1464 oblivione

273 1507 349 1567 sunt
371 1500 484 1568 obruta
507 1504 683 1586 itorunrque
706 1503 845 1587 priorum
870 1502 986 1567 dueum
1009 1504 1185 1569 sententiae
1203 1509 1358 1589 receptae.
1403 1503 1444 1569 In
1464 1504 1556 1572 Oloo-

272 1607 374 1674 medis
406 1611 560 1694 oapitca
587 1609 678 1675 nobis
711 1611 892 1676 examinato
920 1609 1101 1695 praevalere
1126 1609 1357 1697 Chrysippeam
1380 1612 1556 1678 doctrinam

273 1716 409 1782 vidimus
419 1717 528 1802 paucis
537 1717 631 1783 rebus
642 1716 812 1784 Posidonio
831 1718 966 1802 propriis
984 1718 1159 1784 inculcatis.
1204 1717 1318 1802 Neque
1337 1740 1410 1785 vero
1429 1719 1555 1786 credere

273 1823 423 1890 debemus
457 1824 660 1891 Cleomedem
674 1881 676 1890 .
692 1827 797 1910 ipsum
827 1826 994 1890 inseruisse
1025 1825 1151 1909 singula
1173 1824 1309 1892 frustula
1331 1825 1555 1892 Posidoniana.

272 1930 377 1997 Immo
400 1936 466 1997 tam
490 1937 557 1998 arte
581 1934 724 2018 singulae
748 1935 846 1998 nostri
871 1934 985 2017 capitis
1006 1939 1113 2017 partes
1136 1935 1219 1999 inter
1247 1955 1281 1999 se
1310 1933 1488 2016 cohaerent,
1520 1940 1557 2000 ut

271 2039 336 2104 iarn
360 2039 495 2105 multum
519 2042 669 2127 temporis
693 2047 767 2107 ante
792 2040 995 2108 Cleomedem
1019 2041 1177 2106 variorum
1199 2041 1271 2106 illas
1295 2046 1460 2107 auctorum
1483 2040 1556 2107 doo-

271 2148 371 2212 trinas
405 2169 473 2213 esse
506 2150 690 2215 coniunctas
723 2154 884 2234 appareat.
937 2146 1033 2233 Quod
1065 2146 1157 2215 facile
1188 2147 1257 2213 fieri
1288 2149 1400 2233 potuit
1450 2148 1556 2218 Valde

271 2255 355 2318 onim
387 2256 484 2321 etiam
516 2257 625 2340 primis
659 2280 689 2342 p.
723 2256 798 2323 Ohr.
828 2278 859 2320 n.
890 2256 1024 2321 sacculis
1055 2254 1164 2321 floruit
1194 2255 1304 2322 schola
1336 2253 1447 2323 Stoica
1477 2262 1558 2323 teste
1595 2285 1598 2292 ·

272 2361 407 2445 (dalcae,
429 2364 511 2447 Περὶ
533 2390 557 2429 τ.
581 2366 619 2429 ἰό.
643 2366 723 2449 βιβλ.
747 2363 807 2429 vol.
830 2362 934 2445 XIX,
968 2366 1009 2429 39
1043 2362 1133 2428 Kue:
1178 2369 1272 2429 πᾶσιν
1305 2363 1363 2429 οὖν
1394 2370 1457 2436 τοῖς
1488 2368 1554 2429 κατ’

271 2472 390 2537 ἐκεῖνον
412 2472 466 2536 τὸν
484 2473 602 2556 χρόνον
617 2473 765 2548 ἐνδόξοις,
789 2469 971 2554 Στωικοῖςδ)
993 2497 1025 2537 τε
1040 2472 1094 2536 καὶ
1109 2470 1396 2556 Περιπατητικοῖςῆ
1417 2471 1555 2554 ἐμαυτὸν

271 2580 442 2664 ἐγχειρίσας
473 2580 572 2644 πολλὰ
607 2581 665 2663 μὲν
698 2582 823 2664 ἔμαθον
855 2581 932 2660 κτλ.;
966 2579 1053 2644 Plac.
1080 2577 1182 2663 Hipp.
1205 2584 1239 2644 et
1264 2578 1348 2644 Plat.
1371 2602 1401 2663 p.
1427 2580 1491 2644 376
1515 2577 1553 2643 Μ

270 2685 414 2768 (toaKp
430 2694 494 2760 τοῖς
511 2694 568 2753 νῦν
591 2687 661 2753 odor
678 2688 842 2759 Στωικοῖς.
867 2689 926 2751 οὐκ
946 2688 1061 2770 ὀλίγων
1080 2687 1140 2772 γὰρ
1165 2689 1236 2752 οὔτε
1257 2693 1322 2752 τῶν
1345 2687 1554 2770 ἐπιτυχόντων

270 2795 304 2859 dr
336 2801 399 2866 τοῖς
429 2798 506 2860 καθ’
539 2798 623 2880 ἡμᾶς
655 2796 783 2879 χρόνοις
815 2795 1000 2878 γεγονότων,
1030 2793 1162 2866 οὐδενὸς
1184 2797 1290 2859 αὐτῶν
1313 2794 1407 2859 οὐδὲν
1429 2796 1553 2877 ἥκουσα

269 2900 407 2968 πιθανὸν
429 2903 570 2975 εἰπόντος
592 2904 655 2967 κτλ.
701 2899 735 2966 Α
758 2900 873 2986 quibus
899 2902 986 2986 quin.
1003 2901 1156 2985 penderet
1178 2900 1373 2983 Cleomedes,
1402 2899 1471 2966 fieri
1498 2901 1550 2966 vix

270 3009 382 3092 potuit
428 3007 494 3076 Sed
518 3009 560 3076 ad
583 3031 691 3076 omnes
713 3009 772 3074 has
795 3009 997 3093 quaestiones
1020 3009 1198 3075 accuratius
1220 3007 1417 3075 redeundum
1441 3008 1501 3073 erit
1518 3008 1551 3072 iu

269 3115 333 3181 line
355 3121 483 3182 nostrae
506 3117 745 3183 dissertationis.
791 3117 864 3183 Iam
886 3114 1052 3182 Amoldus
1080 3122 1164 3182 certe
1188 3138 1261 3182 oum
1283 3115 1439 3182 caleulum
1462 3114 1552 3180 illum

269 3225 524 3306 astronomicum,
547 3247 586 3290 ex
608 3247 671 3308 quo
695 3230 832 3291 aetatem
852 3221 1031 3290 (lleomedis
1050 3224 1133 3290 eruit
1150 3227 1191 3309 (p.
1213 3226 1254 3290 14
1273 3229 1306 3289 et
1325 3225 1387 3306 16),
1410 3222 1548 3288 secundo

269 3331 400 3396 alterius
409 3354 439 3416 p.
450 3331 525 3399 Ohr.
544 3332 662 3398 saeculi
682 3332 812 3398 dimidio
831 3331 990 3397 exstitisse
1008 3331 1108 3413 docet,
1133 3330 1336 3399 Cleomedem
1353 3329 1550 3416 philosophis

268 3439 318 3503 vel
348 3438 589 3522 mathematicis
619 3441 675 3524 qui
705 3440 843 3506 secundo
866 3463 896 3524 p.
922 3439 997 3507 Ohr.
1021 3438 1148 3505 saeculo
1171 3444 1271 3521 erant,
1300 3439 1348 3504 uti
1371 3437 1552 3504 auctoribus

269 3546 422 3612 ‹zoncedit
446 3547 605 3632 Equidem
623 3569 661 3613 eo
679 3547 824 3632 procedo,
847 3554 884 3612 ut
897 3546 1106 3614 'Cleomedem
1124 3545 1287 3612 Posidonii
1310 3545 1407 3611 libros
1422 3546 1551 3610 omuino

269 3675 333 3719 uon
360 3655 544 3739 inspexisse,
567 3655 623 3721 sed
646 3660 748 3721 totum
771 3654 910 3739 pendere
928 3676 967 3719 ex
987 3652 1095 3721 Stoico
1123 3653 1229 3738 aliquo
1257 3652 1430 3719 enchiridio
1449 3658 1550 3718 astro·

269 3762 394 3826 nomiae
426 3761 588 3844 affirmem,
621 3762 706 3846 quod
737 3767 786 3828 est
817 3762 1026 3846 compositum
1052 3767 1125 3847 post
1147 3759 1353 3827 Posidonium
1376 3765 1408 3825 et
1430 3760 1464 3824 in
1486 3781 1549 3844 quo

269 3869 333 3933 iam
365 3869 487 3935 invenit
518 3871 697 3955 generalem
730 3867 909 3937 Stoicorum
946 3869 1123 3935 doctrinam
1154 3867 1372 3934 Posidoniana
1407 3867 1550 3933 tinctam.

269 3973 344 4042 Hoc
366 3977 430 4042 iam
453 3978 555 4062 primo
578 3979 691 4062 prioris
713 3977 786 4042 libri
809 3978 912 4061 capite
936 3978 1147 4062 eognovimus.

358 4083 398 4150 B.
442 4084 490 4152 Et
507 4106 583 4150 sane
601 4090 745 4151 nostrum
764 4091 822 4166 est,
840 4084 951 4150 eodem
970 4083 1064 4150 modo
1083 4105 1145 4168 quo
1155 4084 1335 4169 aprinum,
1358 4081 1549 4167 perlustrare

269 4193 296 4256 ot
303 4192 367 4257 ium
378 4198 482 4258 cetera
492 4193 606 4278 capita
652 4192 748 4258 Nunc
767 4198 874 4258 autem
890 4193 982 4277 quasi
996 4193 1096 4258 aciem
1106 4189 1550 4275 mutemusetinquisitionom
1672 4211 1683 4230 ·

360 4410 384 4480 ι)
402 4407 438 4464 ιι.
455 4408 559 4464 ibidem
577 4428 605 4480 p.
624 4411 677 4464 αο
696 4412 763 4463 oxu.
782 4406 814 4461 m
833 4407 898 4475 (ιω
917 4406 956 4475 K)
975 4405 1145 4477 Ohrynppus
1162 4412 1194 4461 ut
1210 4385 1314 4476 mque
1332 4404 1468 4475 probaret,
1491 4418 1548 4457 non

268 4486 297 4536 ta
317 4495 326 4530 ι
347 4482 522 4566 argumentis,
541 4498 623 4550 quam
640 4485 784 4550 poetarum
802 4479 871 4534 loeis
891 4485 933 4533 est
949 4496 1022 4535 usus.

357 4553 384 4696 'l
401 4551 872 4694 aladru.as⁹tu.t.tt⁰
886 4549 1023 4677 tilla
1043 4639 1084 4694 u.

358 4695 380 4772 ⁴)
398 4696 495 4766 Zeller,
513 4696 531 4751 l.
550 4695 568 4752 l.
587 4695 645 4768 111,
668 4695 695 4753 1ΙΙ
714 4698 766 4753 777
788 4693 850 4750 edu.
870 4711 930 4768 sqq.
950 4695 1010 4750 780.
