3618 5164
751 328 971 392 ..47-

218 525 297 590 illud
319 527 409 590 πέντε
431 525 484 590 καὶ
507 527 603 589 εἴκοσι
626 525 778 608 μυριάδες
802 525 937 589 σταδίων
960 524 1127 605 invenitur,
1155 524 1284 588 minime
1308 532 1382 590 sunt
1404 525 1501 591 dubii.

218 633 332 716 ltaque
355 631 423 696 fieri
446 654 508 697 non
534 637 646 714 potest,
669 632 745 714 quin
770 633 833 695 iam
856 632 889 694 in
913 630 1007 713 fonte,
1032 653 1070 695 ex
1093 653 1155 714 quo
1175 630 1362 697 Cleomedes
1385 632 1501 714 hausit,

219 741 272 804 illo
296 761 445 804 numerus
469 740 637 819 exstiterit3
661 738 745 802 unde
770 737 1021 803 concludendum
1045 744 1102 820 est,
1126 761 1164 803 ex
1188 738 1351 805 Posidonii
1376 741 1500 824 seriptis

217 870 271 912 eas
292 841 470 914 Cleomedis
488 847 560 911 libri
584 851 699 930 partes,
723 846 836 929 quibus
860 846 913 910 ille
936 846 997 911 loci
1022 847 1252 928 contineantur,
1276 869 1341 912 non
1363 845 1500 913 fluxisse.

193 951 291 1019 ‘Hoc
313 955 468 1038 imprimis
491 951 638 1018 Arnoldo
662 953 885 1037 opponendum
909 959 965 1034 est,
998 953 1060 1037 qui,
1091 959 1128 1018 ut
1160 955 1223 1018 iam
1257 975 1354 1038 supra
1381 957 1422 1038 (p.
1446 956 1500 1038 39)

217 1061 361 1141 vidimus,
386 1060 587 1128 Cleomedem
612 1060 751 1125 affirmat
773 1067 842 1125 tota
864 1082 903 1125 ea
926 1066 1025 1144 parte,
1049 1083 1130 1144 quae
1154 1067 1258 1126 exstat
1280 1084 1311 1145 p.
1338 1064 1500 1142 15024-

221 1171 337 1251 15030
363 1167 401 1250 Ζ,
433 1190 575 1253 premere
608 1169 679 1251 ipsa
710 1168 874 1233 Posidonii
907 1167 1010 1233 verba.
1060 1168 1182 1235 Contra
1205 1168 1288 1233 hanc
1311 1170 1500 1234 sententiam

219 1283 406 1359 argumenta
438 1276 502 1340 iarn
532 1276 721 1359 protulimus
752 1274 790 1339 de
819 1297 900 1340 zona
923 1275 1044 1340 torrida
1066 1281 1254 1358 quaerentes
1277 1281 1318 1360 (p.
1343 1279 1385 1342 38
1408 1279 1500 1361 sqq),

132 1449 133 1452 ,
220 1384 343 1449 accedit
365 1406 449 1449 nuuc
467 1383 528 1448 hoo
548 1405 670 1448 novum.
696 1422 737 1431 —
763 1382 880 1449 Omisit
897 1381 1024 1448 Amold
1042 1382 1126 1448 hano
1144 1381 1350 1448 offensionem
1367 1383 1500 1458 fortasse

126 1571 129 1577 Ι
217 1493 304 1556 nisus
323 1491 506 1572 Letronnio,
529 1511 621 1574 quern
647 1491 742 1555 etiam
766 1491 908 1574 sequitur
926 1489 1056 1574 Berger,
1079 1489 1145 1555 Die
1165 1512 1270 1574 geogr.
1288 1489 1341 1555 Fr.
1360 1491 1390 1556 d.
1408 1491 1500 1556 Erat.

216 1621 246 1682 p.
272 1602 345 1680 107,
369 1598 441 1663 adn.
466 1603 499 1663 3:
546 1597 641 1679 „Dass
666 1598 724 1662 das
747 1597 935 1677 Verfahren,
968 1597 1101 1663 welches
1135 1591 1329 1663 Kle'omedes
1363 1597 1500 1682 angiebt,

216 1705 308 1771 keine
327 1705 477 1771 ernstliolr
496 1707 652 1789 gemeinte
671 1705 890 1789 Erdmessung
910 1704 965 1770 des
984 1705 1175 1770 Posidonius
1195 1727 1255 1770 von
1274 1705 1409 1771 Rhodus
1432 1707 1500 1770 sein

218 1812 331 1895 kitnne,
354 1812 413 1877 hat
433 1811 594 1877 Letronne
617 1815 676 1877 mit
700 1818 796 1896 guten
824 1811 981 1880 Grunden
1004 1813 1200 1900 dargethan“
1224 1835 1287 1897 eqs.
1310 1813 1348 1879 cf.
1370 1812 1501 1897 Berger,

216 1920 392 1985 Erdkunde
417 1920 473 1984 der
497 1918 553 1987 Gr.
576 1943 606 2004 p.
631 1923 693 1986 577
720 1919 801 2004 sqqi.
848 1919 913 1986 Sed
937 1921 1061 1985 etiamsi
1084 1920 1145 1985 hoo
1176 1921 1386 2002 concedimus,
1419 1919 1499 1985 diffi-

217 2027 351 2092 cultates
374 2049 438 2092 non
462 2032 537 2091 sunt
559 2033 743 2092 summotae.
789 2015 980 2092 Posidonius
1003 2029 1087 2092 enim
1111 2049 1182 2093 cum
1202 2027 1415 2093 Eratosthene
1437 2026 1500 2093 hae

219 2135 257 2200 de
281 2123 314 2199 re
337 2136 466 2198 minime
490 2135 656 2217 consentit,
688 2134 773 2217 quod
803 2134 925 2218 Berger
947 2157 1071 2218 quoque
1093 2135 1113 2199 l.
1137 2135 1157 2200 l.
1181 2158 1210 2219 p.
1237 2137 1298 2200 107
1324 2157 1369 2219 sq.
1392 2141 1501 2201 censet

220 2241 269 2324 (cf.
293 2241 470 2306 Erdhunde
494 2241 523 2305 d.
548 2239 605 2308 Gr.
629 2264 660 2326 p.
685 2245 748 2307 570
773 2263 827 2324 sq,
855 2264 884 2325 p.
910 2241 1014 2323 5812):
1061 2241 1156 2323 „Dass
1189 2242 1240 2307 die
1273 2242 1413 2308 Ansicht
1444 2243 1499 2308 des

220 2349 410 2414 Posidonius
428 2371 487 2414 von
508 2349 564 2413 der
573 2348 877 2414 Eratosthenischen
892 2349 1112 2432 Erdmessung
1130 2350 1339 2434 ungiinstiger
1356 2372 1500 2434 genesen

220 2459 264 2521 sei
288 2457 335 2521 als
359 2456 409 2521 die
432 2455 625 2540 Hipparche,
649 2456 770 2540 ergiebt
795 2455 862 2521 sich
885 2458 1023 2540 weniger
1046 2478 1103 2520 aus
1127 2457 1199 2521 dem
1222 2479 1283 2522 von
1306 2457 1500 2523 Kleomedes

219 2563 463 2647 beigebraehten
485 2563 651 2647 Exempel,
679 2564 726 2628 als
750 2586 808 2628 aus
831 2563 887 2628 der
909 2563 1110 2628 bestimmten
1136 2562 1273 2648 Angabe
1298 2562 1431 2630 Strabos
1453 2565 1500 2648 H,

221 2669 248 2736 C
273 2674 324 2752 05,
348 2671 411 2735 dass
433 2671 521 2754 jener
543 2672 613 2734 eine
637 2692 671 2735 so
695 2669 768 2735 sehr
790 2693 851 2736 ron
876 2671 932 2735 der
949 2670 1253 2736 Eratosthenisohen
1278 2671 1500 2738 abweichende

220 2778 305 2842 Zahl
329 2779 385 2841 der
407 2776 716 2862 Beriieksiehtigung
739 2778 917 2862 empfohlen
940 2778 1051 2843 habe.“
1096 2777 1249 2863 Legimus
1279 2784 1385 2844 autem
1414 2780 1500 2864 apud

220 2883 408 2950 Strabonem
434 2885 478 2965 ll,
503 2888 532 2966 2,
557 2888 590 2950 2:
636 2889 697 2951 κᾶν
726 2892 790 2950 τῶν
820 2889 985 2970 νεωτέρων
1015 2887 1050 2950 δὲ
1078 2889 1321 2972 ἀναμετρήσεων
1343 2890 1500 2972 εἰσάγηται

219 2995 238 3076 ἡ
263 2994 423 3078 ἐλαχίστην
445 3000 580 3058 τταισῦσα
603 2994 659 3076 τὴν
683 3001 749 3078 γῆν,
774 2996 843 3058 οἵαν
866 2996 885 3057 ὅ
908 2994 1124 3065 Ποσειδώνιος
1149 2995 1280 3079 ἐγκρίνει
1303 2996 1373 3078 περί
1396 2997 1498 3060 ὀκτω-

219 3101 349 3164 καίδεκα
373 3103 531 3184 μυριάδας
555 3101 654 3164 οὖσαν
676 3103 739 3165 κτλ.
785 3099 873 3184 Ergo
896 3121 946 3164 res
970 3102 1016 3164 ita
1038 3122 1071 3164 se
1093 3099 1203 3166 habet:
1246 3101 1436 3166 Posidonius
1460 3103 1499 3167 de

219 3207 437 3290 magnitudino
478 3209 607 3271 maximi
649 3213 752 3272 torrae
794 3207 902 3272 circuli
943 3207 1151 3272 dissentiebat
1191 3207 1232 3272 ab
1273 3208 1499 3274 Eratosthene.

219 3312 516 3379 Cleomedesautem
527 3314 894 3398 sequiturEratosthenis
905 3315 1103 3379 senteutiam.
1118 3313 1209 3398 Quae
1220 3336 1291 3380 cum
1301 3317 1347 3380 ita
1357 3317 1499 3392 sintnon

219 3421 337 3502 dubito,
358 3423 433 3505 quin
446 3420 632 3487 cleomedes
651 3423 747 3486 etiam
767 3422 839 3486 aliis
857 3443 932 3486 usus
949 3422 990 3486 sit
999 3420 1138 3486 fontibus
1148 3428 1273 3504 praeter
1282 3422 1498 3488 Posidonium.

220 3527 293 3612 Qua
322 3531 354 3593 in
384 3551 418 3594 re
448 3536 519 3593 uter
548 3551 749 3594 numerorum
779 3529 1066 3594 Posidonianorum
1097 3530 1139 3593 sit
1161 3529 1272 3594 melior
1296 3532 1359 3596 180
1369 3532 1432 3596 000
1457 3553 1499 3595 an

219 3638 364 3717 240000,
387 3636 466 3700 nihil
490 3639 627 3701 interest.
660 3675 701 3684 -
733 3636 857 3718 Mults)
879 3635 1059 3720 philosophi
1083 3637 1214 3719 antiqui,
1237 3638 1291 3720 qui
1313 3643 1387 3721 post
1408 3637 1498 3703 Posi-

215 3742 346 3807 donium
371 3749 469 3823 erant,
501 3750 703 3809 servaverunt
725 3743 869 3827 neglecto
893 3743 1064 3809 Posidonio
1088 3743 1243 3808 calculum
1267 3744 1498 3828 Eratosthenis,

217 3850 302 3932 quod
321 3851 555 3915 demonstratur
573 3852 680 3915 multis
700 3851 762 3915 illis
780 3852 858 3916 locis
877 3873 897 3916 a
916 3851 1064 3934 Bergero,
1084 3850 1103 3913 l.
1114 3850 1164 3933 l.p
1187 3854 1246 3916 101
1265 3873 1331 3935 sqq.
1350 3851 1498 3919 collectis.

220 3957 332 4040 Itaque
348 3959 443 4022 etiam
463 3964 535 4042 post
544 3958 751 4023 Posidonium
767 3959 904 4023 valuisse
914 3957 1138 4023 Eratosthenis
1156 3979 1336 4022 mensuram
1355 3959 1498 4024 ridemus

218 4071 250 4128 et
268 4065 470 4129 Oleornedom
493 4067 575 4129 inter
598 4087 650 4130 eos
674 4088 742 4130 esse
767 4065 1006 4146 numerandum,
1030 4066 1083 4148 qui
1108 4062 1169 4128 hae
1186 4065 1219 4128 in
1238 4087 1272 4130 re
1291 4065 1497 4131 Posidonium

217 4195 280 4236 non
313 4173 533 4255 sequebantur.
579 4172 652 4237 Etsi
684 4171 861 4255 Schmekel,
894 4173 958 4238 Die
989 4172 1072 4238 Phil.
1101 4171 1130 4239 d.
1158 4173 1251 4238 mittl.
1276 4171 1356 4240 Stoa
1378 4196 1408 4257 p.
1432 4176 1496 4239 285

218 4279 306 4344 dicit:
352 4279 582 4364 ‚‚(P0sid0nius)
611 4281 790 4345 bestimmte
823 4280 874 4345 die
906 4280 1017 4365 Lange
1050 4281 1136 4346 eines
1168 4279 1410 4346 Erdmeridians
1444 4281 1503 4346 auf

218 4389 353 4453 240000
388 4386 522 4453 Studien
556 4417 597 4442 =
633 4390 717 4455 0000
743 4387 872 4470 Moilen,
906 4388 983 4454 oder
1017 4390 1151 4453 180000
1186 4387 1319 4454 Stadien
1343 4417 1384 4444 =
1409 4391 1497 4454 4500

217 4491 364 4576 Meilen“,
388 4501 421 4560 et
443 4494 577 4560 adnotat
597 4495 682 4579 (adn.
693 4497 740 4577 ll:
764 4495 854 4578 „Ihm
873 4494 930 4560 hat
949 4494 1016 4560 also
1035 4494 1179 4561 offenbar
1197 4495 1286 4560 mehr
1304 4517 1356 4559 am
1367 4493 1496 4580 Princip

216 4621 429 4632 ——un—n—

259 4683 261 4686 '
306 4674 327 4764 1)
345 4673 409 4730 Nou
428 4691 530 4748 omnes,
550 4674 584 4730 cf.
602 4673 712 4748 Βοτρστ1
731 4673 869 4730 Eratosth.
888 4691 915 4754 p.
937 4677 987 4728 108
1007 4679 1035 4730 et
1055 4677 1110 4732 104·
1126 4673 1189 4731 adn.
1210 4678 1233 4732 1.
