3618 5164
833 320 1053 386 ..50-

300 519 364 584 veri
384 525 433 585 est
450 518 551 584 simile
562 518 767 584 Posidonium
786 524 929 584 secutum
948 541 1016 585 esse
1027 518 1255 585 Archimedem
1264 525 1297 586 et
1305 520 1434 587 fulcitur
1452 544 1492 588 ea
1512 543 1581 588 sen·

301 629 402 693 tentia
433 632 628 711 argumento,
660 625 745 710 quod
777 631 851 710 peto
881 648 920 691 ex
943 626 1072 692 Theona
1098 625 1282 713 Smyrnaeo,
1314 651 1344 712 p.
1369 632 1506 711 12417
1531 630 1581 696 H:

295 737 489 820 Ἀρχιμήδης
513 735 547 800 δὲ
569 741 624 798 τοῦ
648 735 768 799 κύκλου
792 735 848 819 τὴν
867 737 1067 819 περιφέρειαν
1085 738 1128 806 εἷς
1147 737 1273 801 εὐθεῖαν
1292 738 1507 822 ἐκτεινομένην
1528 747 1583 824 τῆς

301 845 469 926 διαμέτρου
488 843 668 926 τριπλασίαν
687 842 740 905 καὶ
759 844 800 906 ἔτι
818 851 865 925 τῷ
887 843 1019 926 ἑβδόμῳ
1041 845 1129 926 μέρει
1151 844 1282 926 μάλιστα
1306 846 1402 929 αὐτῆς
1425 845 1496 930 [τῆς
1515 848 1581 910 διο-

298 949 434 1033 μέτρου]
453 951 581 1032 μείζονο
601 947 679 1030 (scil.
700 949 874 1028 δείκνυσιν).
920 948 1018 1013 Hanc
1041 954 1142 1014 totam
1162 949 1301 1015 Theonis
1328 952 1487 1035 partem,¹)
1519 975 1583 1036 qua

299 1056 388 1122 locus
410 1055 559 1121 laudatus
582 1055 706 1140 legitur,
728 1055 918 1139 respondere
943 1055 1101 1122 Ohalcidii
1125 1079 1150 1122 c.
1176 1060 1215 1122 61
1241 1079 1307 1141 sqq.
1331 1058 1442 1140 elucet,
1472 1082 1581 1143 quarn-

299 1185 395 1248 quam
416 1162 497 1228 hoec
519 1163 590 1246 ipsa
611 1161 708 1228 verba
730 1162 817 1246 apud
841 1161 1041 1230 Ohaleidium
1064 1185 1128 1230 non
1151 1165 1362 1230 inveniuntur.
1408 1164 1579 1249 Switalski,

300 1271 342 1336 D.
367 1269 476 1338 chuc.
500 1269 713 1335 Kommentar
736 1293 775 1334 zu
798 1269 909 1336 Platos
933 1270 1023 1352 uim,
1046 1270 1213 1337 Muenster
1240 1274 1333 1355 1902,
1357 1295 1387 1357 p.
1407 1276 1449 1339 89
1468 1274 1582 1340 validis

300 1380 388 1444 nisus
415 1378 609 1466 argumentis
632 1376 688 1442 illa
711 1378 817 1461 capita
839 1376 1012 1443 Posidonio
1036 1378 1154 1444 tribuit.
1199 1378 1315 1463 ltaque
1343 1378 1465 1446 affirmo
1492 1381 1581 1447 Posi·

301 1484 430 1552 donium
464 1506 588 1570 quoque
617 1482 821 1550 Archimedis
850 1484 1027 1550 doctrinam
1055 1493 1197 1552 secutum
1220 1513 1245 1551 π
1266 1523 1311 1552 =
1335 1485 1398 1575 3¹l,
1424 1489 1581 1555 statuisse.

300 1591 456 1658 Animum
475 1591 621 1668 attendas
640 1613 757 1675 quaeso
777 1590 819 1656 ad
837 1591 916 1657 illud
926 1590 1065 1657 Theonis
1079 1595 1211 1676 μάλιστα
1221 1596 1351 1678 (mule
1363 1593 1582 1679 H)=„fere“,

300 1723 362 1785 quo
384 1727 409 1765 π
431 1701 513 1766 inter
536 1698 599 1786 3²1,
625 1705 658 1764 et
676 1697 768 1788 3¹⁰1„
789 1700 864 1783 poni
882 1699 1016 1764 indicari
1035 1699 1165 1765 videtur.
1213 1699 1399 1768 Cleomedes
1416 1703 1581 1785 rationem,

300 1830 382 1892 quae
404 1809 487 1872 inter
508 1807 713 1891 perimetrum
731 1813 764 1871 et
782 1805 972 1872 diametrum
991 1807 1165 1888 intercedit,
1188 1813 1339 1891 quattuor
1355 1809 1433 1874 locis
1451 1810 1582 1894 attingit

299 1940 330 2001 p.
355 1918 463 1998 78,12;
496 1916 604 1995 102,e;
638 1916 813 1996 14a1--83
840 1917 935 1994 150,6
960 1913 998 1978 Ζ.
1044 1914 1096 1978 Ex
1118 1914 1233 1998 quibus
1255 1913 1383 1982 Amold
1406 1917 1426 1982 l.
1448 1917 1469 1983 l.
1492 1917 1582 1983 illurn

299 2051 324 2089 π
342 2063 387 2088 z
406 2025 425 2088 3
444 2022 586 2106 posuisse
605 2020 709 2088 efficit
755 2020 829 2088 Hoc
852 2043 916 2086 non
935 2023 1062 2087 omnino
1081 2043 1190 2088 verum
1207 2028 1269 2105 est;
1289 2022 1358 2091 loco
1378 2030 1462 2090 certe
1480 2025 1582 2109 primo

300 2133 421 2219 (78,12)
451 2130 597 2214 legimus:
648 2129 683 2194 ιδ
717 2130 751 2194 δὲ
782 2136 837 2194 τοῦ
871 2131 947 2194 ὅλου
979 2130 1100 2195 κύκλου
1132 2132 1409 2196 πεντεκαιδέκατον
1439 2134 1582 2216 πέμπτον

300 2245 449 2325 ἔγγιστα
478 2244 533 2320 τῆς
562 2238 729 2321 διαμέτρου
754 2238 873 2319 γίνεται.
922 2235 1124 2320 Quamquam
1147 2237 1259 2302 ceteris
1282 2237 1383 2304 tribus
1405 2238 1482 2304 locis
1504 2240 1578 2304 sim·

298 2348 423 2433 pliciter
444 2371 469 2409 π
491 2381 536 2412 z
560 2348 579 2410 3
603 2344 701 2409 statui
724 2343 871 2425 concedo,
887 2339 959 2408 'hoo
982 2365 1045 2408 uno
1068 2365 1108 2408 ex
1129 2343 1199 2411 loco
1222 2345 1319 2410 etiarn
1343 2343 1506 2412 Cleomedi
1528 2346 1578 2412 vel

300 2457 406 2542 potius
436 2455 504 2519 eius
529 2451 649 2519 auctori
672 2450 924 2536 magnitudinem
947 2451 1032 2516 illius
1055 2452 1178 2517 numeri
1201 2453 1377 2537 computari
1399 2455 1578 2520 accuratius

298 2563 394 2628 fuisse
418 2567 528 2626 notum
551 2558 713 2625 concludo.

389 2686 425 2755 si
449 2692 555 2752 autern
578 2706 612 2749 re
635 2705 710 2748 vera
734 2683 929 2765 Cleomedon,
952 2684 1037 2768 quod
1059 2684 1214 2768 imprimis
1237 2683 1276 2750 de
1299 2690 1389 2768 parte
1415 2687 1578 2767 lculi-

301 2798 416 2877 148‚27
450 2793 478 2858 Ζ
514 2798 625 2859 contra
655 2790 862 2856 Hultschium
893 2790 1009 2875 probat
1039 2789 1166 2856 Amold
1192 2791 1212 2857 l.
1235 2791 1256 2856 l.
1283 2794 1327 2857 44
1351 2813 1406 2876 sq,
1438 2793 1579 2877 sequitur

300 2904 409 2987 utique
439 2901 615 2967 doctrinam
637 2897 893 2979 Posidonianam,
926 2920 998 2963 mea
1028 2898 1157 2982 quidem
1188 2900 1347 2965 sententia
1378 2898 1482 2966 facere
1514 2922 1578 2966 non

298 3011 411 3097 potuit,
442 3009 519 3093 quin
550 3008 647 3072 etiam
679 3027 835 3087 numeros,
867 3027 946 3089 quos
976 3006 1062 3089 apud
1092 3011 1252 3073 auctorem
1275 3027 1368 3072 suum
1390 3007 1578 3090 inveniebat,

299 3120 460 3204 reciperet.
507 3115 589 3182 eum
612 3135 709 3198 parvo
732 3113 827 3178 fuisse
846 3114 972 3197 ingenio
992 3112 1194 3179 Cleomedem
1215 3115 1298 3179 inter
1316 3135 1425 3179 omnes
1448 3121 1579 3197 constat,

299 3227 389 3292 illum
412 3226 445 3289 in
468 3222 700 3288 mathematicis
722 3221 891 3305 praecipue
914 3219 1008 3285 rebus
1031 3220 1202 3286 adhaerere
1224 3220 1304 3287 fonti
1324 3242 1380 3287 suo
1399 3221 1579 3288 credideris.

301 3333 367 3402 Sed
385 3334 500 3397 mirum
518 3331 552 3395 in
569 3329 698 3394 modum
717 3327 800 3393 redit
815 3328 857 3393 ad
876 3349 1040 3393 numerum
1060 3329 1235 3412 antiquum,
1252 3350 1346 3412 quem
1362 3328 1579 3395 mathematici

302 3441 419 3509 Graeci
450 3436 636 3503 iamdudum
668 3436 921 3501 emendaverant.
956 3475 998 3484 -
1030 3434 1104 3500 Hoc
1134 3441 1183 3500 est
1209 3457 1326 3501 novum
1349 3442 1579 3520 argumentum,

301 3571 363 3634 quo
386 3547 474 3612 nisus
499 3543 700 3611 Cleomedom
723 3565 788 3608 non
810 3548 877 3607 tam
900 3548 968 3607 arte
993 3541 1159 3607 cohaerere
1183 3563 1254 3608 cum
1277 3541 1451 3609 Posidonio
1474 3544 1579 3610 iudico

300 3678 397 3742 quam
429 3653 524 3719 ceteri
556 3652 615 3717 viri
647 3650 740 3716 docti.
785 3649 992 3715 Posidonium
1025 3650 1109 3714 enim
1141 3675 1165 3713 ιι
1191 3689 1236 3714 .-.
1264 3649 1326 3737 3¹l,
1359 3651 1512 3735 posuisse,
1544 3656 1581 3718 ut

301 3761 536 3841 Archimedem,
559 3757 775 3843 probavirnus;
801 3756 987 3825 Cleomedes
1010 3778 1082 3821 eum
1106 3778 1272 3822 numerum
1293 3759 1512 3842 a=3ponit
1535 3798 1565 3809 -

301 3873 389 3956 Ergo
416 3871 531 3934 iterum
558 3865 608 3952 (cf.
632 3887 729 3950 supra
756 3888 785 3948 p.
810 3868 874 3947 48.)
907 3863 993 3948 apud
1025 3864 1209 3948 scriptorem
1242 3869 1386 3931 nostrum
1418 3885 1580 3932 occurrere

302 3998 448 4045 numeros
466 3974 554 4040 haud
573 3979 745 4054 accuratos,
769 3973 787 4036 i.
800 3994 826 4037 e.
843 3971 977 4037 saeculis
997 3970 1192 4037 volventibus
1211 3972 1302 4056 quasi
1320 3972 1411 4038 tritos
1429 3972 1580 4067 ridemus

301 4085 386 4172 quod
409 4106 446 4150 eo
470 4083 571 4166 magis
601 4087 650 4146 est
678 4080 863 4160 notandum,
893 4079 978 4162 quod
1001 4079 1090 4144 Theo
1115 4077 1309 4164 Smyrnaeus
1331 4078 1351 4144 l.
1374 4079 1395 4143 l
1418 4085 1451 4146 et
1473 4079 1579 4145 Philo·

301 4192 432 4280 ponusl.
442 4192 472 4273 l,
490 4191 544 4273 qui
555 4194 643 4254 sexto
652 4194 725 4273 post
735 4186 809 4253 chr.
819 4210 849 4252 n.
860 4187 985 4252 saeculo
1000 4191 1077 4268 crat,
1095 4187 1233 4270 itemque
1244 4184 1427 4271 Simplicius
1437 4188 1470 4252 in
1479 4185 1581 4253 Arist.

302 4304 341 4369 de
351 4300 439 4367 caelo
453 4298 500 4379 Π,
513 4301 563 4379 14,
573 4319 603 4381 p.
614 4298 729 4378 549,11
747 4294 899 4379 Heiberg,
918 4299 1122 4360 servaverunt
1138 4315 1304 4360 numerum
1322 4291 1579 4362 Archimcdoum.

299 4517 343 4572 Pl.
361 4535 389 4588 p.
408 4518 460 4571 362
479 4513 523 4568 M:
541 4496 623 4561 Ποσ.
641 4546 647 4559 ·
665 4546 694 4559 .·
717 4495 936 4578 τεθραμμένος
951 4494 984 4558 ἓν
1000 4493 1173 4577 γεωμετρίᾳ
1192 4514 1220 4562 ιι
1238 4527 1265 4579 p.
1285 4513 1338 4563 eos
1357 4507 1401 4566 M:
1425 4491 1508 4560 Ποσ.
1525 4543 1531 4558 .
1548 4542 1580 4559 ..

301 4591 352 4656 διδ
374 4589 410 4654 τδ
433 4588 649 4674 γεγυμνάσθαι
672 4586 705 4650 ἓν
729 4586 910 4668 γεωμετρίᾳ.
948 4599 982 4654 cf.
1001 4599 1087 4668 Diels,
1106 4598 1179 4652 Dox.
1198 4596 1248 4653 Gr.
1266 4599 1337 4668 prol.
1354 4618 1382 4668 p.
1406 4604 1445 4656 19.

391 4677 412 4760 ¹)
430 4676 474 4737 De
493 4675 548 4732 hac
566 4679 644 4750 purte
663 4674 770 4746 (12⁰,1-
792 4673 879 4746 mae)
898 4671 984 4728 fusius
1002 4689 1019 4724 a
1037 4688 1082 4726 mo
1101 4675 1196 4742 agetur
1213 4689 1242 4743 p.
1261 4674 1304 4729 54.
