3632 5144
787 319 841 382 4
877 340 918 400 ῃ
966 373 1009 384 --

257 530 361 616 Quod,
384 534 533 615 quoniam
556 554 590 595 re
613 553 688 596 vera
711 532 837 614 ingenio
855 530 943 596 haud
962 530 1148 597 abundabat
1165 533 1214 616 (ol
1235 533 1371 617 Zieglor,
1396 534 1452 599 De*
1468 535 1534 598 vita

255 645 289 705 ot
310 640 436 723 scriptis
460 637 509 705 Ol
532 659 564 722 p.
589 642 627 704 17
654 639 720 721 sq),
743 638 936 703 reiciendum
960 644 1016 704 est

346 745 461 830 Itaque
480 745 566 829 quod
584 745 617 809 in
632 751 701 810 tota
718 745 780 810 hac
797 767 831 809 re
850 744 969 810 multae
983 751 1151 811 occurrunt
1169 746 1371 812 difficultates
1394 747 1539 812 nondum

255 857 404 934 remotae,
427 874 542 937 operae
564 853 702 937 pretium
724 873 793 916 esse
815 854 925 935 putavi
948 859 1119 918 retractare
1140 853 1179 919 de
1199 853 1383 920 Cleomedis'
1396 853 1536 920 fontibus

256 961 481 1044 quaestionem.

345 1068 391 1132 H.
438 1064 598 1150 Quoniam
628 1067 838 1151 exposuimus,
864 1067 978 1150 quibus
1001 1067 1096 1133 robus
1119 1069 1309 1133 seutentiam
1332 1091 1352 1133 a
1374 1067 1536 1149 Martinio,

256 1174 422 1256 Muellero,
445 1173 591 1239 Arnoldo
613 1173 726 1238 fultam
750 1175 841 1257 quasi
864 1173 973 1239 labare
1003 1174 1168 1257 indicetur,
1198 1181 1396 1240 transcamus
1420 1175 1461 1240 ad
1476 1197 1536 1240 ex·-

255 1281 430 1367 plicandas
446 1302 568 1362 causas,
591 1303 630 1345 ex
653 1280 767 1364 quibus
789 1281 916 1346 illorum
939 1281 1084 1347 doctrina
1106 1303 1181 1347 vera
1204 1304 1272 1347 esse
1295 1305 1358 1348 non
1381 1287 1494 1366 potest.

350 1388 431 1454 Tres
454 1389 538 1454 enim
561 1388 608 1452 illi
631 1389 694 1458 viri
713 1387 806 1469 docti,
829 1410 900 1454 cum
924 1390 1014 1472 quasi
1038 1411 1077 1453 ex
1096 1389 1200 1454 aliena
1217 1389 1379 1473 regione¹)-
1393 1391 1431 1456 in
1446 1389 1545 1456 Cleo-⁴-

256 1496 380 1562 madem
412 1495 606 1576 incidissent,
639 1496 672 1559 in
702 1496 881 1580 reparanda
903 1495 1067 1561 Posidonii
1091 1496 1235 1562 doctrina
1258 1496 1367 1562 eadem
1392 1498 1441 1561 usi
1464 1500 1539 1561 sunt

256 1604 387 1669 ratione.
433 1602 506 1682 Via,
525 1625 619 1685 quam
632 1601 766 1668 Martini
784 1603 1176 1687 patefecitPosidonianae
1191 1603 1230 1668 de
1247 1603 1340 1669 rebus
1351 1603 1538 1670 caelestibus

256 1711 418 1777 doctrinae
436 1709 560 1774 rudera
571 1709 778 1793 indagaturis,
797 1711 935 1794 primum
954 1710 1022 1794 ipse
1032 1732 1217 1794 progressus
1227 1715 1275 1776 est
1286 1710 1434 1794 (Lucubr.
1445 1710 1539 1793 Poe),

257 1816 480 1897 tumlllueller,
498 1822 658 1900 postremo
669 1815 796 1882 Arnold
809 1819 876 1882 eius
890 1823 1073 1901 presserunt
1090 1819 1224 1901 vestigia
1243 1818 1377 1884 eundem
1396 1823 1539 1901 petentes

257 1924 362 1988 finem.
407 1922 635 1988 Dissolvebant
653 1925 736 1988 enirn
755 1924 881 2008 singula
892 1923 1071 1990 Oleomedis
1090 1926 1197 2009 capita
1215 1926 1248 1989 in
1267 1925 1406 1990 diversas
1424 1931 1539 2008 partes,

258 2037 327 2096 tum
359 2031 445 2096 locos
477 2051 517 2095 ex
548 2031 619 2096 aliis
651 2030 856 2114 scriptoribus
887 2037 920 2096 et
951 2030 1114 2097 Posidonii
1151 2032 1329 2116 fragmenta
1366 2030 1540 2096 afferebant

259 2143 354 2222 atque
372 2137 569 2222 quaerebant
587 2138 651 2203 alia
670 2144 864 2222 argumenta,
884 2138 1539 2222 quibusprobarentPosidoniumscribere

259 2246 346 2327 talia,
379 2245 488 2330 qualia
519 2245 606 2329 apud
630 2245 832 2312 Oleornedem
864 2245 1052 2329 legerentur,
1085 2247 1233 2330 potuisse.
1280 2244 1408 2311 Amold
1431 2268 1538 2311 cumu-

259 2353 340 2418 lavit
359 2354 530 2436 praecipue
553 2358 741 2436 argumenta
759 2374 798 2417 ex
816 2374 930 2436 genere
949 2352 1075 2418 dicendi
1099 2359 1234 2437 sumpta
1279 2353 1393 2436 Itaque
1417 2374 1540 2436 semper

259 2459 301 2524 ad
332 2459 539 2524 Posidonium
574 2459 769 2543 spectabant
814 2458 974 2543 Equidem
1002 2459 1042 2524 ab
1070 2461 1139 2543 ipso
1164 2459 1333 2526 Oleomede
1361 2459 1539 2524 excundum

259 2588 327 2632 esse
350 2567 466 2632 censui.
515 2565 696 2649 Numquam
719 2567 858 2651 prolecto
890 2565 1052 2632 infitiabor
1078 2567 1216 2651 pendere
1239 2589 1311 2632 eum
1334 2589 1373 2632 ex
1396 2566 1540 2632 doctrina

259 2673 431 2754 Posidonii,
464 2673 568 2738 ultimi
599 2673 684 2738 illius
716 2675 825 2758 magni
859 2672 1037 2740 Stoicorum
1067 2674 1256 2759 philosophi.
1302 2673 1424 2738 Tamen
1447 2673 1542 2743 aliter

259 2778 407 2866 progredi
429 2779 524 2846 debet
546 2781 581 2862 is,
609 2782 663 2864 qui
688 2780 867 2847 Oleomedis
889 2780 992 2846 fontes
1016 2782 1195 2850 examinare
1219 2781 1287 2848 vult
1309 2787 1403 2864 atque
1426 2782 1457 2861 ii,
1485 2781 1543 2864 qui·

260 2888 493 2953 Posidonianae
527 2887 689 2954 doctrinae
720 2888 836 2954 rudera
869 2889 1015 2972 colligere
1047 2888 1184 2954 student.
1232 2887 1285 2954 Illi
1307 2889 1391 2953 enim
1413 2893 1540 2972 praeter

260 2996 325 3060 alia
356 2995 571 3079 quaerendum
604 3000 652 3061 est
681 3001 787 3061 utrum
812 2996 975 3063 Oleomadi
1004 3001 1130 3080 praesto
1153 2996 1270 3066 fuerint
1291 2996 1350 3081 ipsi
1375 2994 1542 3061 Posidonii

260 3102 333 3167 libri
356 3124 399 3166 an
421 3103 505 3167 inter
528 3101 729 3169 Oleomedem
753 3110 786 3169 et
803 3103 1009 3169 Posidonium
1033 3103 1114 3168 alius
1137 3105 1270 3188 scriptor
1293 3102 1341 3168 vel
1365 3102 1426 3166 alii,
1442 3102 1536 3184 scrip·

256 3215 341 3275 tores
364 3210 518 3275 intersint.
563 3209 646 3293 Hoc,
677 3212 737 3276 etsi
765 3212 879 3276 summi
902 3216 951 3275 est
972 3211 1131 3292 momenti,
1161 3231 1254 3275 nemo
1278 3209 1382 3275 adhuc
1405 3209 1538 3290 strinxit,

258 3317 319 3380 nisi
351 3316 431 3381 forte
462 3318 569 3401 attigit
590 3316 725 3400 Amold,
755 3320 818 3402 qui,
848 3324 999 3402 utsupra
1021 3321 1062 3402 (p.
1087 3318 1119 3400 8)
1142 3317 1217 3398 dixi,
1249 3316 1463 3384 aOleomede
1486 3337 1538 3379 ex·

257 3424 409 3508 scriptum
440 3445 508 3489 esse
539 3426 645 3509 ipsum
676 3425 840 3492 Posidonii
870 3427 942 3510 περὶ
973 3427 1062 3510 ἡλίου
1094 3427 1253 3510 μεγέθους
1291 3423 1406 3515 librum
1438 3427 1539 3506 putat

258 3529 384 3616 Operae
420 3537 526 3596 autem
558 3534 695 3616 pretium
727 3539 776 3598 est
807 3533 849 3598 ad
880 3531 963 3598 hanc
992 3554 1059 3598 rem
1089 3532 1267 3598 accuratius
1295 3530 1538 3596 examinandam

258 3638 417 3719 accedere,
444 3645 477 3703 et
498 3646 536 3704 ut
558 3641 665 3705 statim
689 3641 889 3724 pronuntiem
912 3641 1103 3706 sententiam
1124 3661 1237 3720 meam,
1266 3638 1452 3705 Oleomedes
1474 3659 1538 3702 non

258 3767 298 3810 ex
315 3746 413 3830 ipsius
423 3745 587 3812 Posidonii
606 3747 695 3813 libris
714 3770 773 3812 sua
790 3747 905 3813 hausit
953 3745 1048 3831 Quod
1058 3769 1130 3813 cum
1139 3747 1198 3812 viri
1217 3745 1301 3812 docti
1320 3745 1540 3830 neglexissent,

259 3857 329 3917 erat
360 3852 545 3936 periculum,
578 3877 618 3920 ne
651 3856 783 3922 nimium
815 3855 1013 3920 vindicarent
1044 3854 1215 3920 Posidonio
1252 3875 1330 3919 neve
1367 3852 1540 3917 sententias

259 3960 300 4026 ab
331 3959 402 4026 aliis
431 3967 572 4052 mutatas
594 3962 643 4027 vel
667 3961 878 4048 amplificatas
901 3967 1078 4028 statuerent
1100 3983 1167 4028 asse
1190 3960 1442 4027 Posidonianaa.
1476 3955 1540 4024 Ar·

259 4066 348 4134 noldi
365 4089 490 4152 qnoque
507 4070 598 4151 ratio,
617 4071 671 4153 qui
687 4072 839 4136 maiorem
856 4076 981 4155 partem
1000 4075 1258 4155 argumentorum
1277 4068 1374 4133 sumit
1390 4088 1408 4132 e
1425 4086 1540 4151 genere

260 4173 394 4258 dicendi,
417 4197 481 4242 non
500 4177 578 4242 satis
597 4183 683 4243 certa
701 4183 757 4244 est.
803 4177 916 4262 Neque
935 4179 1021 4243 anim
1037 4198 1142 4243 sermo
1162 4176 1394 4242 Posidonianus
1412 4173 1540 4239 omnino

175 4321 178 4328 ·
259 4287 389 4367 propter
418 4305 552 4368 parvum
583 4284 833 4370 fragmentorum
864 4307 1030 4351 numerum
1059 4290 1126 4350 tam
1154 4289 1239 4350 certo
1261 4281 1406 4374 patefieri
1427 4285 1540 4375 potest,

260 4393 296 4456 ut
320 4389 387 4456 aine
410 4390 475 4457 ullo
499 4391 594 4459 dubio
618 4415 726 4460 eruere
749 4394 915 4479 possimus,
943 4391 1020 4478 quid
1042 4394 1085 4457 sit
1106 4392 1191 4458 illius
1214 4388 1540 4476 philosophigeneris

352 4606 374 4676 ¹)
394 4605 428 4661 of.
448 4607 709 4663 commentationum
727 4609 834 4665 titulos:
871 4607 992 4678 Quaestt.
1011 4605 1223 4674 Posidoniauae,
1241 4565 1444 4659 lucubrationes
1462 4599 1540 4656 Pori·

262 4676 404 4748 sonim
423 4679 459 4734 do
476 4678 586 4735 Manilii
604 4685 715 4736 auctore
733 4680 893 4736 Posidonio.
