3618 5164
838 311 1059 378 ..43-

305 501 435 588 gelegen
459 499 506 570 als
529 525 571 569 an
595 503 666 569 dem
690 502 876 571 Resultate“
898 511 966 589 eta,
995 514 1199 572 tamencum
1228 503 1308 590 ideo,
1331 505 1417 592 quod
1439 529 1589 576 numerus

304 633 380 676 suus
402 617 487 676 esset
508 612 656 693 incertus,
679 633 849 696 usurpasse
871 635 1038 679 numemm
1061 614 1285 680 Eratosthenis
1308 637 1399 699 nego.

393 718 504 784 Unum
527 719 592 784 iam
616 725 665 784 est
688 719 871 785 addendum
889 721 928 786 de
948 720 1127 787 differentia
1145 721 1280 787 duorum
1298 722 1424 788 illorum
1442 744 1588 789 numero·

303 847 374 890 rum
397 827 534 892 250000
558 831 591 890 et
613 829 750 892 252000
774 827 1006 894 Eratosthenis.
1052 828 1089 894 cf.
1113 827 1242 913 Berger,
1265 828 1428 895 Eratosth.
1451 851 1482 914 p.
1508 834 1587 912 1413

303 931 479 998 Erdkunde
497 931 528 998 d.
547 930 605 999 Gr.
622 956 652 1017 p.
670 932 761 998 4102.
806 933 926 1000 Mirum
949 936 1032 1000 enim
1056 941 1105 1001 est
1127 936 1214 1020 apud
1236 937 1413 1020 scriptores,
1434 937 1489 1021 qui
1512 943 1587 1003 sunt

304 1041 371 1105 noti
394 1045 427 1104 et
448 1041 583 1124 spectati
606 1041 722 1124 quique
740 1062 804 1106 non
822 1043 990 1126 postremis
1009 1043 1208 1126 antiquitatis
1227 1043 1361 1109 saeculis
1378 1050 1478 1126 erant,
1500 1044 1588 1110 velut

304 1145 391 1230 apud
414 1144 606 1213 Strabonem
628 1146 675 1232 (fr.
694 1147 733 1211 H
751 1147 780 1211 B
805 1151 847 1213 23
871 1148 1013 1233 Berger),
1036 1150 1177 1215 Plinium
1200 1149 1250 1235 (II
1267 1150 1297 1215 Β
1317 1151 1380 1233 31),
1403 1150 1587 1219 Vitruvium

303 1253 353 1338 (II
375 1253 405 1318 Β
429 1254 494 1338 30),
523 1251 724 1320 Macrobium
746 1254 797 1339 (II
819 1255 849 1319 B
873 1259 940 1337 24),
970 1256 1133 1323 Τ115οηο05
1164 1255 1374 1342 Smyrnaeum
1396 1258 1447 1342 (II
1468 1257 1499 1322 B
1525 1259 1587 1342 11),

305 1359 477 1428 Geminum
500 1359 550 1445 (Π
573 1359 603 1426 Β
629 1363 691 1444 19),
720 1361 929 1429 Censorinum
963 1363 1013 1448 (Π
1039 1362 1069 1429 Β
1099 1365 1162 1447 32),
1194 1362 1356 1430 Achillem
1387 1365 1437 1450 (H
1463 1364 1494 1429 B
1523 1367 1587 1447 20),

303 1465 506 1534 Marcianum
517 1467 683 1552 Capellam
697 1467 747 1554 (Π
764 1468 795 1533 Β
814 1470 869 1552 41)
888 1491 1051 1537 occurrere
1069 1493 1235 1536 numerum
1255 1473 1401 1553 252000,
1419 1494 1586 1539 numerum

304 1582 411 1640 autern
429 1577 566 1641 250000
583 1575 670 1660 apud
688 1577 865 1660 scriptores,
888 1579 943 1662 qui
961 1584 1037 1644 sunt
1053 1580 1183 1644 minoris
1202 1580 1354 1645 momenti
1372 1579 1586 1664 seriorumque
1683 1568 1686 1576 ’

304 1682 510 1764 saeculorum,
533 1682 621 1764 velut
642 1682 729 1767 apud
752 1705 944 1769 anonymum
967 1685 1126 1768 quendam
1148 1687 1199 1771 (Π
1216 1685 1246 1751 Β
1267 1688 1308 1770 6),
1332 1686 1419 1772 apud
1438 1686 1533 1753 schol.
1551 1687 1586 1752 in

303 1788 525 1875 Β1500.(ΙῙΒ
550 1790 591 1872 7),
623 1789 710 1874 apud
740 1789 876 1875 Niceph.
898 1791 1035 1858 Blemm.
1058 1793 1108 1878 (Π
1134 1791 1164 1858 Β
1196 1795 1260 1876 33),
1292 1793 1378 1878 apud
1409 1791 1585 1860 Arrianum

303 1897 393 1963 illum
410 1897 515 1962 minus
530 1902 650 1979 return,
673 1886 762 1963 cuius
779 1900 851 1983 περὶ
868 1902 1041 1985 μετεώρων
1059 1899 1140 1965 liber
1156 1899 1308 1966 laudatur
1326 1900 1412 1986 apud
1429 1901 1584 1967 Ioannem

302 2004 517 2089 Philoponum
548 2003 591 2069 ad
622 2002 722 2070 Arist
755 2012 882 2071 meteor.
914 2006 942 2088 Ι,
975 2010 994 2072 3
1025 2010 1175 2092 p.15,13
1206 2007 1368 2094 Hayduck
1391 2007 1440 2093 (II
1462 2007 1492 2074 B
1517 2009 1585 2091 5).¹)

303 2111 426 2196 Berger
443 2112 539 2177 etiam
557 2113 590 2176 in
612 2111 697 2176 frII
714 2112 796 2180 Β21
817 2114 924 2196 posuit
941 2135 1107 2180 numerum
1129 2117 1159 2180 κ’
1182 2116 1236 2180 καὶ
1258 2117 1291 2181 ε’.
1339 2113 1403 2200 Qui
1425 2117 1585 2182 invenitur

304 2221 337 2285 in
369 2218 438 2286 cod.
461 2219 621 2290 Vaticano
649 2219 812 2306 Anonymi
844 2220 938 2304 illius,
968 2223 1064 2287 ceteri
1087 2223 1211 2289 codices
1234 2222 1384 2288 exhibent
1404 2225 1449 2289 κε’
1468 2225 1522 2288 καὶ
1543 2225 1583 2308 β’,

199 2309 200 2314 ¹
303 2325 389 2412 quod
410 2326 550 2392 restituit
571 2326 681 2410 Maeli,
703 2349 734 2412 p.
759 2330 833 2409 126,
856 2332 876 2393 3
901 2327 1023 2396 Comm.
1047 2330 1081 2394 in
1103 2327 1197 2396 Arat.
1219 2329 1286 2395 rell.
1319 2368 1362 2380 -
1397 2329 1583 2397 Cleomodes

304 2435 401 2519 igitur
423 2455 487 2500 non
510 2440 559 2500 est
580 2435 663 2500 inter
685 2455 747 2514 eos,
770 2436 825 2518 qui
847 2457 972 2501 summa
995 2438 1184 2504 auctoritate
1208 2443 1284 2503 sunt
1300 2436 1398 2522 digni.
1445 2434 1519 2521 Qua
1541 2457 1583 2503 ex

304 2564 339 2608 re
362 2541 524 2625 concludo,
547 2543 644 2607 etiam
667 2540 847 2608 Cleomedis
869 2542 965 2608 fidem
988 2564 1056 2610 esse
1078 2543 1246 2610 infirmam.
1294 2542 1496 2629 Quamquam
1519 2545 1584 2610 scio

306 2673 370 2716 non
392 2671 461 2716 esse
483 2654 610 2734 gratum
633 2649 821 2714 coniecturis
845 2649 962 2716 addere
985 2652 1210 2725 coniecturam,
1236 2651 1340 2718 facere
1363 2673 1428 2718 non
1450 2671 1588 2736 possum,

306 2761 383 2843 quin
401 2759 542 2842 suspicer
559 2777 725 2822 numerum
743 2757 1104 2824 vercEratosthenicum
1121 2761 1345 2844 5555252000,
1368 2759 1590 2845 quiaoccmrit

306 2866 392 2950 apud
415 2865 583 2950 scriptores
605 2862 668 2928 fide
691 2864 812 2948 dignos,
836 2886 1001 2931 numemm
1024 2887 1097 2931 vero
1122 2869 1257 2933 250000
1281 2888 1350 2934 5555
1372 2869 1477 2934 minus
1496 2888 1587 2932 aecu-

305 2979 420 3056 ratmn,
443 2971 578 3038 saeculis
601 2971 799 3038 volventibus
822 2972 1004 3039 mutilatum
1028 2973 1078 3039 vel
1095 2995 1153 3058 per
1171 2975 1404 3059 neglegentiam
1420 2980 1588 3040 mutatum.

308 3120 350 3132 —-
373 3080 422 3146 Ut
444 3085 551 3145 autem
575 3077 753 3146 Cleomedis
777 3081 998 3146 auctoritatem
1021 3080 1082 3146 hac
1105 3083 1196 3147 inre
1225 3105 1289 3148 non
1319 3083 1455 3150 multum
1485 3082 1588 3148 valere

306 3194 425 3274 putem,
457 3209 494 3253 eo
517 3185 666 3268 adducor,
694 3186 780 3270 quod
803 3189 930 3253 omnino
954 3209 1035 3270 eum,
1059 3189 1094 3272 si,
1117 3189 1274 3273 quomodo
1297 3195 1413 3257 tractet
1433 3210 1589 3270 numeros,

307 3297 496 3382 quaerimus,
519 3315 583 3361 nou
606 3293 775 3379 diligenter
797 3316 831 3360 se
854 3316 962 3379 gerere
985 3295 1206 3381 intellegimus.

397 3402 463 3470 lIL
510 3401 754 3469 Consideremus
791 3403 889 3486 igitur
924 3424 1099 3468 numeros
1137 3403 1391 3471 Cleomedeos.
1447 3402 1522 3489 Qua
1550 3424 1589 3469 ex

310 3511 527 3596 disquisitione
545 3508 694 3574 etiamad
712 3510 816 3593 ipsum
836 3515 979 3574 nostrum
997 3510 1193 3595 propositum
1211 3512 1365 3577 nonnulla
1381 3510 1589 3596 proficiemus·

312 3617 498 3687 Cleomedes
529 3617 622 3699 enim,
655 3616 682 3708 si
713 3622 780 3681 tam
813 3622 881 3681 arte
913 3617 1032 3700 pendet
1061 3639 1100 3683 ex
1123 3618 1304 3699 Posidonio,
1337 3641 1433 3703 quam
1455 3617 1590 3703 probare

309 3727 416 3794 studet
437 3723 573 3807 Arnold,
596 3723 664 3788 fieri
687 3745 752 3789 non
774 3728 887 3808 potest,
909 3729 947 3789 ut
969 3725 1108 3790 numeris
1131 3731 1241 3791 utatur
1262 3748 1327 3792 non
1350 3727 1515 3793 accuratis
1594 3751 1598 3760 ¹

398 3855 427 3898 a
449 3830 503 3897 Ae
524 3833 662 3917 primum
684 3830 812 3915 quidem
835 3832 1069 3916 investigemus,
1100 3855 1196 3917 quam
1219 3834 1374 3899 rationem
1396 3832 1589 3900 intercedere

309 3943 393 4007 iuter
416 3938 668 4024 magnitudinem
690 3939 799 4004 circuli
821 3939 982 4023 perimetri
1004 3945 1037 4004 et
1058 3941 1310 4024 magnitudinem
1339 3941 1493 4023 diametri,
1520 3941 1540 4008 i.
1563 3961 1590 4007 5.

310 4054 465 4134 quantum
496 4067 564 4112 esse
596 4067 789 4112 numerum
811 4072 844 4121 π,
879 4067 972 4130 quem
1004 4046 1221 4114 mathematici
1252 4048 1371 4131 dicunt,
1404 4047 1590 4116 Cleomedes

311 4173 524 4187 fi

400 4231 423 4300 ¹)
443 4228 478 4284 cf.
498 4223 643 4294 Susamihl,
662 4222 763 4279 Gesch.
773 4223 800 4278 d.
810 4242 850 4294 gr.
860 4223 928 4278 Litt.
941 4223 970 4278 in
980 4224 1007 4281 d.
1016 4225 1273 4281 Alexandrinerzeit
1289 4225 1314 4296 Ι,
1333 4229 1386 4284 775
1406 4225 1589 4296 otwinows,

310 4301 461 4357 Reel-llno.
490 4297 529 4368 11,
555 4300 632 4366 1247,
656 4313 677 4350 5.
696 4314 722 4351 v.
744 4296 880 4350 Arrianus
897 4315 924 4351 n.
946 4301 987 4351 12.
1025 4296 1129 4366 Quibus
1156 4298 1223 4354 viris
1251 4298 1340 4353 doctis
1367 4298 1390 4353 si
1418 4297 1589 4366 confidimus,

310 4375 443 4430 Arrianus
460 4375 518 4426 crat
536 4368 705 4439 temporibus
723 4366 888 4436 Hipparchi.
924 4367 1022 4438 Itaque
1040 4369 1234 4440 Philoponum,
1254 4369 1301 4438 qui
1319 4376 1378 4425 erat
1394 4378 1472 4425 sexto
1485 4389 1514 4441 p.
1525 4368 1589 4424 Cbr.

311 4445 420 4500 saeculo
438 4443 511 4497 illius
528 4440 614 4494 libros
631 4441 722 4512 ipsum
740 4440 891 4509 inspexisse
909 4457 1015 4510 negem.
1053 4440 1135 4510 Quod
1144 4442 1168 4495 si
1176 4443 1215 4496 ita
1224 4454 1273 4506 est,
1292 4441 1592 4497 iureillumnumerum

311 4519 422 4572 250000
449 4533 505 4570 non
531 4512 585 4583 ipsi
606 4510 725 4567 Arriano
753 4512 800 4564 sed
820 4510 978 4581 Philopono
996 4512 1149 4582 tribuimus,
1172 4513 1190 4568 i.
1211 4531 1238 4568 o:
1256 4531 1311 4567 non
1331 4519 1434 4569 certum
1454 4521 1589 4584 putamus,

311 4598 403 4646 utrum
429 4587 561 4642 Arrianus
586 4601 615 4638 rc
633 4601 697 4638 vcra
716 4585 825 4636 250000
846 4601 904 4637 esso
933 4583 1121 4638 Eratosthenis
1139 4603 1281 4641 numerum
1299 4605 1332 4644 an
1353 4589 1463 4642 252000
1482 4586 1590 4649 dixerit

312 4663 408 4719 Solum
426 4665 530 4717 certum
549 4663 598 4729 ost,
616 4655 682 4728 quid
701 4655 872 4726 Philoponus
891 4656 1046 4716 crediderit
