<?xml version="1.0" encoding="UTF-8"?>
<!DOCTYPE html PUBLIC "-//W3C//DTD XHTML 1.0 Transitional//EN"
    "http://www.w3.org/TR/xhtml1/DTD/xhtml1-transitional.dtd">
<html xmlns="http://www.w3.org/1999/xhtml" xml:lang="en" lang="en">
 <head>
  <title>
</title>
<meta http-equiv="Content-Type" content="text/html;charset=utf-8" />
  <meta name='ocr-system' content='tesseract 3.04.00' />
  <meta name='ocr-capabilities' content='ocr_page ocr_carea ocr_par ocr_line ocrx_word'/>
</head>
<body>
  <div class='ocr_page' id='page_1' title='image "./quaestionescleo00boergoog_0028.png"; bbox 0 0 3632 5144; ppageno 0'>
   <div class='ocr_carea' id='block_1_1' title="bbox 769 340 991 402">
    <p class='ocr_par' dir='ltr' id='par_1_1' title="bbox 769 340 991 402">
     <span class='ocr_line' id='line_1_1' title="bbox 769 340 991 402; baseline 0.009 -18"><span class='ocrx_word' id='word_1_1' title='bbox 769 340 991 402; x_wconf 74' lang='lat'><strong>-21..</strong></span> 
     </span>
    </p>
   </div>
   <div class='ocr_carea' id='block_1_2' title="bbox 222 531 1521 3518">
    <p class='ocr_par' dir='ltr' id='par_1_2' title="bbox 222 531 1521 3518">
     <span class='ocr_line' id='line_1_2' title="bbox 323 531 1519 620; baseline 0.004 -22"><span class='ocrx_word' id='word_1_2' title='bbox 323 531 507 599; x_wconf 82' lang='lat' dir='ltr'><strong>Secundum</strong></span> <span class='ocrx_word' id='word_1_3' title='bbox 539 535 694 597; x_wconf 90' lang='lat' dir='ltr'><strong>rationem</strong></span> <span class='ocrx_word' id='word_1_4' title='bbox 727 537 868 598; x_wconf 85' lang='lat' dir='ltr'><strong>nostram</strong></span> <span class='ocrx_word' id='word_1_5' title='bbox 900 535 1037 617; x_wconf 90' lang='lat' dir='ltr'><strong>primum</strong></span> <span class='ocrx_word' id='word_1_6' title='bbox 1070 533 1246 617; x_wconf 82' lang='lat' dir='ltr'><strong>videamus,</strong></span> <span class='ocrx_word' id='word_1_7' title='bbox 1281 537 1357 620; x_wconf 91' lang='lat' dir='ltr'><strong>quid</strong></span> <span class='ocrx_word' id='word_1_8' title='bbox 1390 541 1519 604; x_wconf 84' lang='lat' dir='ltr'><strong>omnino</strong></span> 
     </span>
     <span class='ocr_line' id='line_1_3' title="bbox 234 638 1518 734; baseline 0.005 -29"><span class='ocrx_word' id='word_1_9' title='bbox 234 640 350 724; x_wconf 86' lang='lat' dir='ltr'><strong>singuli</strong></span> <span class='ocrx_word' id='word_1_10' title='bbox 381 639 530 724; x_wconf 79' lang='lat' dir='ltr'>deinceps</span> <span class='ocrx_word' id='word_1_11' title='bbox 559 638 659 706; x_wconf 83' lang='lat' dir='ltr'><strong>Stoici</strong></span> <span class='ocrx_word' id='word_1_12' title='bbox 688 639 727 705; x_wconf 93' lang='lat' dir='ltr'><strong>de</strong></span> <span class='ocrx_word' id='word_1_13' title='bbox 755 661 855 705; x_wconf 87' lang='lat' dir='ltr'><strong>vacuo</strong></span> <span class='ocrx_word' id='word_1_14' title='bbox 882 641 1069 705; x_wconf 82' lang='lat' dir='ltr'><strong>censuerint</strong></span> <span class='ocrx_word' id='word_1_15' title='bbox 1117 641 1165 708; x_wconf 92' lang='lat' dir='ltr'><strong>Ut</strong></span> <span class='ocrx_word' id='word_1_16' title='bbox 1186 641 1323 734; x_wconf 86' lang='lat' dir='ltr'><strong>breviter</strong></span> <span class='ocrx_word' id='word_1_17' title='bbox 1343 666 1411 709; x_wconf 91' lang='lat' dir='ltr'><strong>rem</strong></span> <span class='ocrx_word' id='word_1_18' title='bbox 1435 668 1518 711; x_wconf 88' lang='lat' dir='ltr'><strong>eom·</strong></span> 
     </span>
     <span class='ocr_line' id='line_1_4' title="bbox 233 745 1520 836; baseline 0.004 -25"><span class='ocrx_word' id='word_1_19' title='bbox 233 745 785 831; x_wconf 66' lang='grc' dir='ltr'><strong>11100101·,Ῑ111111111101108101011οῥ)</strong></span> <span class='ocrx_word' id='word_1_20' title='bbox 804 752 957 831; x_wconf 86' lang='lat' dir='ltr'><strong>quantum</strong></span> <span class='ocrx_word' id='word_1_21' title='bbox 968 747 1068 830; x_wconf 88' lang='lat' dir='ltr'><strong>video,</strong></span> <span class='ocrx_word' id='word_1_22' title='bbox 1088 769 1223 815; x_wconf 83' lang='grc'><strong>10011111</strong></span> <span class='ocrx_word' id='word_1_23' title='bbox 1240 751 1373 817; x_wconf 86' lang='lat' dir='ltr'><strong>existere</strong></span> <span class='ocrx_word' id='word_1_24' title='bbox 1383 754 1520 836; x_wconf 87' lang='lat' dir='ltr'><strong>negavit,</strong></span> 
     </span>
     <span class='ocr_line' id='line_1_5' title="bbox 232 853 1520 938; baseline 0.004 -18"><span class='ocrx_word' id='word_1_25' title='bbox 232 860 300 920; x_wconf 86' lang='lat' dir='ltr'><strong>tum</strong></span> <span class='ocrx_word' id='word_1_26' title='bbox 333 854 479 920; x_wconf 92' lang='lat' dir='ltr'><strong>omnibus</strong></span> <span class='ocrx_word' id='word_1_27' title='bbox 511 854 597 936; x_wconf 89' lang='lat' dir='ltr'><strong>loeis,</strong></span> <span class='ocrx_word' id='word_1_28' title='bbox 630 854 744 938; x_wconf 90' lang='lat' dir='ltr'><strong>quibus</strong></span> <span class='ocrx_word' id='word_1_29' title='bbox 779 853 958 920; x_wconf 85' lang='lat' dir='ltr'><strong>Stoicorum</strong></span> <span class='ocrx_word' id='word_1_30' title='bbox 991 854 1030 920; x_wconf 93' lang='lat' dir='ltr'><strong>de</strong></span> <span class='ocrx_word' id='word_1_31' title='bbox 1063 876 1164 922; x_wconf 85' lang='lat' dir='ltr'><strong>vacuo</strong></span> <span class='ocrx_word' id='word_1_32' title='bbox 1195 855 1341 924; x_wconf 86' lang='lat' dir='ltr'><strong>doctrina</strong></span> <span class='ocrx_word' id='word_1_33' title='bbox 1372 859 1520 937; x_wconf 75' lang='lat' dir='ltr'><strong>traditur,</strong></span> 
     </span>
     <span class='ocr_line' id='line_1_6' title="bbox 233 961 1520 1047; baseline 0.005 -21"><span class='ocrx_word' id='word_1_34' title='bbox 233 961 366 1045; x_wconf 84' lang='lat' dir='ltr'><strong>legimus</strong></span> <span class='ocrx_word' id='word_1_35' title='bbox 404 962 475 1027; x_wconf 83' lang='lat' dir='ltr'><strong>iilos</strong></span> <span class='ocrx_word' id='word_1_36' title='bbox 507 983 642 1027; x_wconf 86' lang='lat' dir='ltr'><strong>vacuum</strong></span> <span class='ocrx_word' id='word_1_37' title='bbox 675 961 871 1027; x_wconf 87' lang='lat' dir='ltr'><strong>infinitum</strong></span> <span class='ocrx_word' id='word_1_38' title='bbox 900 963 1056 1044; x_wconf 79' lang='lat' dir='ltr'><strong>statuisse,</strong></span> <span class='ocrx_word' id='word_1_39' title='bbox 1085 962 1121 1028; x_wconf 87' lang='lat' dir='ltr'><strong>ef.</strong></span> <span class='ocrx_word' id='word_1_40' title='bbox 1146 961 1252 1029; x_wconf 89' lang='lat' dir='ltr'><strong>Laert.</strong></span> <span class='ocrx_word' id='word_1_41' title='bbox 1276 964 1318 1030; x_wconf 93' lang='lat' dir='ltr'><strong>D.</strong></span> <span class='ocrx_word' id='word_1_42' title='bbox 1342 965 1422 1047; x_wconf 84' lang='lat' dir='ltr'><strong>VH,</strong></span> <span class='ocrx_word' id='word_1_43' title='bbox 1448 970 1520 1033; x_wconf 82' lang='lat'><strong>140.</strong></span> 
     </span>
     <span class='ocr_line' id='line_1_7' title="bbox 234 1066 1519 1157; baseline 0.006 -25"><span class='ocrx_word' id='word_1_44' title='bbox 234 1066 360 1151; x_wconf 85' lang='lat' dir='ltr'><strong>Arnim,</strong></span> <span class='ocrx_word' id='word_1_45' title='bbox 385 1067 553 1136; x_wconf 75' lang='grc'><strong>81010101.</strong></span> <span class='ocrx_word' id='word_1_46' title='bbox 565 1068 657 1152; x_wconf 75' lang='lat' dir='ltr'><strong>nn,</strong></span> <span class='ocrx_word' id='word_1_47' title='bbox 676 1092 705 1134; x_wconf 91' lang='grc'><strong>1.</strong></span> <span class='ocrx_word' id='word_1_48' title='bbox 727 1072 799 1150; x_wconf 86' lang='grc'><strong>535,</strong></span> <span class='ocrx_word' id='word_1_49' title='bbox 820 1071 893 1150; x_wconf 88' lang='grc'><strong>539,</strong></span> <span class='ocrx_word' id='word_1_50' title='bbox 914 1072 992 1150; x_wconf 87' lang='grc'><strong>542;</strong></span> <span class='ocrx_word' id='word_1_51' title='bbox 1017 1069 1091 1135; x_wconf 76' lang='lat' dir='ltr'><strong>Aet.</strong></span> <span class='ocrx_word' id='word_1_52' title='bbox 1115 1070 1196 1154; x_wconf 84' lang='lat' dir='ltr'><strong>plac.</strong></span> <span class='ocrx_word' id='word_1_53' title='bbox 1219 1070 1246 1153; x_wconf 93' lang='lat' dir='ltr'><strong>I,</strong></span> <span class='ocrx_word' id='word_1_54' title='bbox 1273 1075 1323 1153; x_wconf 88' lang='grc'><strong>18,</strong></span> <span class='ocrx_word' id='word_1_55' title='bbox 1347 1077 1376 1154; x_wconf 92' lang='grc'><strong>5,</strong></span> <span class='ocrx_word' id='word_1_56' title='bbox 1399 1097 1430 1157; x_wconf 93' lang='lat' dir='ltr'><strong>p.</strong></span> <span class='ocrx_word' id='word_1_57' title='bbox 1455 1077 1519 1140; x_wconf 88' lang='grc'><strong>316</strong></span> 
     </span>
     <span class='ocr_line' id='line_1_8' title="bbox 233 1148 1519 1261; baseline 0.005 -21"><span class='ocrx_word' id='word_1_58' title='bbox 233 1174 325 1240; x_wconf 91' lang='lat' dir='ltr'><strong>Diels</strong></span> <span class='ocrx_word' id='word_1_59' title='bbox 353 1181 386 1241; x_wconf 91' lang='grc'><strong>01</strong></span> <span class='ocrx_word' id='word_1_60' title='bbox 413 1177 567 1260; x_wconf 90' lang='lat' dir='ltr'><strong>imprimis</strong></span> <span class='ocrx_word' id='word_1_61' title='bbox 595 1176 645 1252; x_wconf 88' lang='grc' dir='ltr'><strong>Π,</strong></span> <span class='ocrx_word' id='word_1_62' title='bbox 669 1178 697 1258; x_wconf 88' lang='grc'><strong>9,</strong></span> <span class='ocrx_word' id='word_1_63' title='bbox 722 1179 741 1241; x_wconf 86' lang='grc'>2</span> <span class='ocrx_word' id='word_1_64' title='bbox 765 1199 795 1260; x_wconf 89' lang='lat' dir='ltr'><strong>p.</strong></span> <span class='ocrx_word' id='word_1_65' title='bbox 820 1178 885 1242; x_wconf 85' lang='grc'><strong>338</strong></span> <span class='ocrx_word' id='word_1_66' title='bbox 908 1176 1015 1257; x_wconf 83' lang='grc' dir='ltr'><strong>Ι)1010;</strong></span> <span class='ocrx_word' id='word_1_67' title='bbox 1048 1148 1307 1261; x_wconf 60' lang='grc' dir='ltr'><strong>111101111111οἽ110ΙΙΙ</strong></span> <span class='ocrx_word' id='word_1_68' title='bbox 1325 1179 1414 1246; x_wconf 86' lang='lat' dir='ltr'><strong>loeus</strong></span> <span class='ocrx_word' id='word_1_69' title='bbox 1448 1182 1519 1246; x_wconf 91' lang='lat' dir='ltr'><strong>ideo</strong></span> 
     </span>
     <span class='ocr_line' id='line_1_9' title="bbox 233 1283 1521 1367; baseline 0.006 -21"><span class='ocrx_word' id='word_1_70' title='bbox 233 1285 341 1367; x_wconf 90' lang='lat' dir='ltr'><strong>magni</strong></span> <span class='ocrx_word' id='word_1_71' title='bbox 368 1288 417 1348; x_wconf 90' lang='lat' dir='ltr'><strong>est</strong></span> <span class='ocrx_word' id='word_1_72' title='bbox 439 1285 600 1365; x_wconf 85' lang='lat' dir='ltr'><strong>momenti,</strong></span> <span class='ocrx_word' id='word_1_73' title='bbox 628 1283 712 1367; x_wconf 90' lang='lat' dir='ltr'><strong>quod</strong></span> <span class='ocrx_word' id='word_1_74' title='bbox 740 1285 769 1348; x_wconf 92' lang='lat' dir='ltr'><strong>ei</strong></span> <span class='ocrx_word' id='word_1_75' title='bbox 798 1283 968 1367; x_wconf 89' lang='lat' dir='ltr'><strong>opponitur</strong></span> <span class='ocrx_word' id='word_1_76' title='bbox 995 1285 1196 1350; x_wconf 88' lang='lat' dir='ltr'><strong>enuntiatum</strong></span> <span class='ocrx_word' id='word_1_77' title='bbox 1219 1285 1298 1351; x_wconf 87' lang='lat' dir='ltr'><strong>illud</strong></span> <span class='ocrx_word' id='word_1_78' title='bbox 1322 1309 1342 1351; x_wconf 90' lang='lat' dir='ltr'><strong>a</strong></span> <span class='ocrx_word' id='word_1_79' title='bbox 1364 1287 1521 1353; x_wconf 88' lang='lat' dir='ltr'><strong>Muellero</strong></span> 
     </span>
     <span class='ocr_line' id='line_1_10' title="bbox 233 1389 1517 1478; baseline 0.005 -24"><span class='ocrx_word' id='word_1_80' title='bbox 233 1389 419 1456; x_wconf 85' lang='lat' dir='ltr'><strong>damnatum</strong></span> <span class='ocrx_word' id='word_1_81' title='bbox 437 1390 523 1475; x_wconf 76' lang='lat' dir='ltr'><strong>(Adt.</strong></span> <span class='ocrx_word' id='word_1_82' title='bbox 541 1390 583 1476; x_wconf 91' lang='lat' dir='ltr'><strong>pl.</strong></span> <span class='ocrx_word' id='word_1_83' title='bbox 602 1390 648 1473; x_wconf 95' lang='grc' dir='ltr'><strong>Π,</strong></span> <span class='ocrx_word' id='word_1_84' title='bbox 669 1395 697 1473; x_wconf 85' lang='grc'><strong>9,</strong></span> <span class='ocrx_word' id='word_1_85' title='bbox 717 1393 764 1474; x_wconf 85' lang='grc'><strong>3);</strong></span> <span class='ocrx_word' id='word_1_86' title='bbox 815 1392 1031 1463; x_wconf 79' lang='grc' dir='ltr'><strong><em>Ποσειδώνιος</em></strong></span> <span class='ocrx_word' id='word_1_87' title='bbox 1050 1395 1148 1476; x_wconf 78' lang='grc' dir='ltr'><strong><em>ἔφησε</em></strong></span> <span class='ocrx_word' id='word_1_88' title='bbox 1166 1392 1201 1457; x_wconf 84' lang='grc' dir='ltr'><strong>τὸ</strong></span> <span class='ocrx_word' id='word_1_89' title='bbox 1218 1395 1307 1466; x_wconf 81' lang='grc' dir='ltr'><strong><em>ἐκτὸς</em></strong></span> <span class='ocrx_word' id='word_1_90' title='bbox 1322 1403 1376 1459; x_wconf 83' lang='grc' dir='ltr'><strong>τοῦ</strong></span> <span class='ocrx_word' id='word_1_91' title='bbox 1393 1399 1517 1478; x_wconf 84' lang='grc' dir='ltr'><strong><em>κόσμου</em></strong></span> 
     </span>
     <span class='ocr_line' id='line_1_11' title="bbox 234 1497 1518 1583; baseline 0.005 -21"><span class='ocrx_word' id='word_1_92' title='bbox 234 1499 294 1562; x_wconf 80' lang='grc' dir='ltr'><strong>οὐκ</strong></span> <span class='ocrx_word' id='word_1_93' title='bbox 318 1500 455 1581; x_wconf 81' lang='grc' dir='ltr'><strong><em>ἄπειρον,</em></strong></span> <span class='ocrx_word' id='word_1_94' title='bbox 480 1500 546 1562; x_wconf 81' lang='grc' dir='ltr'><em>ἀλλ’</em></span> <span class='ocrx_word' id='word_1_95' title='bbox 574 1500 650 1563; x_wconf 89' lang='grc' dir='ltr'><strong><em>ὅσον</em></strong></span> <span class='ocrx_word' id='word_1_96' title='bbox 673 1501 827 1583; x_wconf 82' lang='grc' dir='ltr'><strong><em>αὔταρκες</em></strong></span> <span class='ocrx_word' id='word_1_97' title='bbox 851 1501 893 1570; x_wconf 85' lang='grc' dir='ltr'><strong>εἰς</strong></span> <span class='ocrx_word' id='word_1_98' title='bbox 922 1499 1067 1563; x_wconf 80' lang='grc' dir='ltr'><strong><em>διάλυσιν.</em></strong></span> <span class='ocrx_word' id='word_1_99' title='bbox 1114 1497 1189 1565; x_wconf 88' lang='lat' dir='ltr'><strong>Hoc</strong></span> <span class='ocrx_word' id='word_1_100' title='bbox 1216 1522 1279 1566; x_wconf 89' lang='lat' dir='ltr'><strong>non</strong></span> <span class='ocrx_word' id='word_1_101' title='bbox 1308 1501 1423 1567; x_wconf 85' lang='lat' dir='ltr'><strong>falsum</strong></span> <span class='ocrx_word' id='word_1_102' title='bbox 1451 1525 1518 1568; x_wconf 87' lang='lat' dir='ltr'><strong>esse</strong></span> 
     </span>
     <span class='ocr_line' id='line_1_12' title="bbox 233 1604 1517 1691; baseline 0.003 -22"><span class='ocrx_word' id='word_1_103' title='bbox 233 1604 385 1670; x_wconf 88' lang='lat' dir='ltr'><strong>traditum</strong></span> <span class='ocrx_word' id='word_1_104' title='bbox 418 1606 482 1672; x_wconf 92' lang='lat' dir='ltr'><strong>iam</strong></span> <span class='ocrx_word' id='word_1_105' title='bbox 521 1628 617 1690; x_wconf 90' lang='lat' dir='ltr'><strong>supra</strong></span> <span class='ocrx_word' id='word_1_106' title='bbox 651 1609 691 1691; x_wconf 87' lang='lat' dir='ltr'><strong>(p.</strong></span> <span class='ocrx_word' id='word_1_107' title='bbox 717 1608 780 1687; x_wconf 88' lang='grc'><strong>15.)</strong></span> <span class='ocrx_word' id='word_1_108' title='bbox 811 1607 927 1687; x_wconf 90' lang='lat' dir='ltr'><strong>monui,</strong></span> <span class='ocrx_word' id='word_1_109' title='bbox 960 1606 1056 1671; x_wconf 92' lang='lat' dir='ltr'><strong>immo</strong></span> <span class='ocrx_word' id='word_1_110' title='bbox 1084 1628 1158 1672; x_wconf 83' lang='lat' dir='ltr'><strong>vero</strong></span> <span class='ocrx_word' id='word_1_111' title='bbox 1194 1606 1255 1673; x_wconf 89' lang='lat' dir='ltr'><strong>hoo</strong></span> <span class='ocrx_word' id='word_1_112' title='bbox 1290 1608 1440 1675; x_wconf 83' lang='lat' dir='ltr'><strong>debemus</strong></span> <span class='ocrx_word' id='word_1_113' title='bbox 1472 1613 1517 1675; x_wconf 85' lang='lat' dir='ltr'><strong>uti</strong></span> 
     </span>
     <span class='ocr_line' id='line_1_13' title="bbox 232 1710 1520 1797; baseline 0.005 -22"><span class='ocrx_word' id='word_1_114' title='bbox 232 1710 440 1777; x_wconf 88' lang='lat' dir='ltr'><strong>fundamento</strong></span> <span class='ocrx_word' id='word_1_115' title='bbox 464 1715 497 1777; x_wconf 91' lang='lat' dir='ltr'><strong>in</strong></span> <span class='ocrx_word' id='word_1_116' title='bbox 521 1713 715 1778; x_wconf 86' lang='lat' dir='ltr'><strong>absolvenda</strong></span> <span class='ocrx_word' id='word_1_117' title='bbox 737 1715 930 1797; x_wconf 88' lang='lat' dir='ltr'><strong>quaestione.</strong></span> <span class='ocrx_word' id='word_1_118' title='bbox 976 1711 1042 1780; x_wconf 88' lang='lat' dir='ltr'><strong>Vix</strong></span> <span class='ocrx_word' id='word_1_119' title='bbox 1065 1715 1149 1777; x_wconf 88' lang='lat' dir='ltr'><strong>anim</strong></span> <span class='ocrx_word' id='word_1_120' title='bbox 1173 1713 1337 1781; x_wconf 90' lang='lat' dir='ltr'><strong>Posidonii</strong></span> <span class='ocrx_word' id='word_1_121' title='bbox 1361 1720 1520 1782; x_wconf 86' lang='lat' dir='ltr'><strong>sententia</strong></span> 
     </span>
     <span class='ocr_line' id='line_1_14' title="bbox 233 1820 1518 1904; baseline 0.005 -21"><span class='ocrx_word' id='word_1_122' title='bbox 233 1821 405 1902; x_wconf 88' lang='lat' dir='ltr'><strong>separatim</strong></span> <span class='ocrx_word' id='word_1_123' title='bbox 439 1826 522 1886; x_wconf 89' lang='lat' dir='ltr'><strong>esset</strong></span> <span class='ocrx_word' id='word_1_124' title='bbox 556 1821 706 1904; x_wconf 86' lang='lat' dir='ltr'><strong>exposita,</strong></span> <span class='ocrx_word' id='word_1_125' title='bbox 739 1822 799 1885; x_wconf 91' lang='lat' dir='ltr'><strong>nisi</strong></span> <span class='ocrx_word' id='word_1_126' title='bbox 827 1841 861 1884; x_wconf 92' lang='lat' dir='ltr'><strong>ra</strong></span> <span class='ocrx_word' id='word_1_127' title='bbox 889 1841 964 1886; x_wconf 86' lang='lat' dir='ltr'><strong>vera</strong></span> <span class='ocrx_word' id='word_1_128' title='bbox 991 1826 1103 1886; x_wconf 91' lang='lat' dir='ltr'><strong>notum</strong></span> <span class='ocrx_word' id='word_1_129' title='bbox 1131 1820 1242 1886; x_wconf 84' lang='lat' dir='ltr'><strong>fuisset</strong></span> <span class='ocrx_word' id='word_1_130' title='bbox 1270 1844 1340 1888; x_wconf 91' lang='lat' dir='ltr'><strong>eam</strong></span> <span class='ocrx_word' id='word_1_131' title='bbox 1364 1846 1428 1888; x_wconf 89' lang='lat' dir='ltr'><strong>non</strong></span> <span class='ocrx_word' id='word_1_132' title='bbox 1451 1846 1518 1889; x_wconf 89' lang='lat' dir='ltr'><strong>esso</strong></span> 
     </span>
     <span class='ocr_line' id='line_1_15' title="bbox 234 1925 1517 2014; baseline 0.003 -24"><span class='ocrx_word' id='word_1_133' title='bbox 234 1926 368 1997; x_wconf 86' lang='lat' dir='ltr'><strong>eandam</strong></span> <span class='ocrx_word' id='word_1_134' title='bbox 394 1934 488 2012; x_wconf 89' lang='lat' dir='ltr'><strong>atque</strong></span> <span class='ocrx_word' id='word_1_135' title='bbox 511 1928 702 2012; x_wconf 89' lang='lat' dir='ltr'><strong>reliquorum</strong></span> <span class='ocrx_word' id='word_1_136' title='bbox 727 1926 916 1994; x_wconf 84' lang='lat' dir='ltr'><strong>Stoicorum.</strong></span> <span class='ocrx_word' id='word_1_137' title='bbox 964 1925 1003 1993; x_wconf 93' lang='lat' dir='ltr'><strong>In</strong></span> <span class='ocrx_word' id='word_1_138' title='bbox 1032 1927 1081 1993; x_wconf 87' lang='lat' dir='ltr'><strong>his</strong></span> <span class='ocrx_word' id='word_1_139' title='bbox 1103 1927 1236 1994; x_wconf 80' lang='lat' dir='ltr'><strong>Planitis</strong></span> <span class='ocrx_word' id='word_1_140' title='bbox 1259 1929 1517 2014; x_wconf 89' lang='lat' dir='ltr'><strong>philosophorum</strong></span> 
     </span>
     <span class='ocr_line' id='line_1_16' title="bbox 236 2034 1520 2118; baseline 0.005 -20"><span class='ocrx_word' id='word_1_141' title='bbox 236 2035 488 2117; x_wconf 89' lang='lat' dir='ltr'><strong>oppositionibus</strong></span> <span class='ocrx_word' id='word_1_142' title='bbox 500 2035 616 2100; x_wconf 86' lang='lat' dir='ltr'><strong>talibus</strong></span> <span class='ocrx_word' id='word_1_143' title='bbox 626 2035 786 2101; x_wconf 86' lang='lat' dir='ltr'><strong>indicatur</strong></span> <span class='ocrx_word' id='word_1_144' title='bbox 799 2056 910 2118; x_wconf 86' lang='lat' dir='ltr'><strong>reapse</strong></span> <span class='ocrx_word' id='word_1_145' title='bbox 920 2034 1048 2100; x_wconf 85' lang='lat' dir='ltr'><strong>subesse</strong></span> <span class='ocrx_word' id='word_1_146' title='bbox 1059 2038 1163 2103; x_wconf 88' lang='lat' dir='ltr'><strong>varias</strong></span> <span class='ocrx_word' id='word_1_147' title='bbox 1173 2039 1355 2102; x_wconf 88' lang='lat' dir='ltr'><strong>sententias.</strong></span> <span class='ocrx_word' id='word_1_148' title='bbox 1372 2036 1520 2104; x_wconf 89' lang='lat' dir='ltr'><strong>Secundo</strong></span> 
     </span>
     <span class='ocr_line' id='line_1_17' title="bbox 236 2140 1518 2227; baseline 0.003 -21"><span class='ocrx_word' id='word_1_149' title='bbox 236 2148 424 2224; x_wconf 86' lang='lat' dir='ltr'><strong>argumento</strong></span> <span class='ocrx_word' id='word_1_150' title='bbox 448 2142 525 2208; x_wconf 86' lang='lat' dir='ltr'><strong>mihi</strong></span> <span class='ocrx_word' id='word_1_151' title='bbox 548 2149 597 2208; x_wconf 89' lang='lat' dir='ltr'><strong>est</strong></span> <span class='ocrx_word' id='word_1_152' title='bbox 618 2143 706 2209; x_wconf 90' lang='lat' dir='ltr'><strong>loeus</strong></span> <span class='ocrx_word' id='word_1_153' title='bbox 729 2140 847 2208; x_wconf 86' lang='lat' dir='ltr'><strong>Achill.</strong></span> <span class='ocrx_word' id='word_1_154' title='bbox 871 2143 949 2227; x_wconf 88' lang='lat' dir='ltr'><strong>isag.</strong></span> <span class='ocrx_word' id='word_1_155' title='bbox 974 2163 999 2208; x_wconf 89' lang='grc'><strong>0.</strong></span> <span class='ocrx_word' id='word_1_156' title='bbox 1024 2145 1044 2209; x_wconf 90' lang='lat'>8</span> <span class='ocrx_word' id='word_1_157' title='bbox 1067 2143 1383 2227; x_wconf 81' lang='lat' dir='ltr'><strong>(p.38,13Maass):</strong></span> <span class='ocrx_word' id='word_1_158' title='bbox 1431 2149 1461 2210; x_wconf 81' lang='grc' dir='ltr'><strong>οἱ</strong></span> <span class='ocrx_word' id='word_1_159' title='bbox 1484 2149 1518 2210; x_wconf 79' lang='grc' dir='ltr'><strong>δὲ</strong></span> 
     </span>
     <span class='ocr_line' id='line_1_18' title="bbox 234 2248 1518 2354; baseline 0.005 -42"><span class='ocrx_word' id='word_1_160' title='bbox 234 2248 373 2314; x_wconf 81' lang='grc' dir='ltr'><strong><em>Στωϊκοὶ</em></strong></span> <span class='ocrx_word' id='word_1_161' title='bbox 402 2252 582 2335; x_wconf 77' lang='grc' dir='ltr'><strong><em>ἐκπύρωσιν</em></strong></span> <span class='ocrx_word' id='word_1_162' title='bbox 611 2253 750 2354; x_wconf 65' lang='grc' dir='ltr'><strong><em>λέγοντές</em></strong></span> <span class='ocrx_word' id='word_1_163' title='bbox 780 2253 905 2334; x_wconf 86' lang='grc' dir='ltr'><strong><em>κόσμου</em></strong></span> <span class='ocrx_word' id='word_1_164' title='bbox 936 2253 1016 2315; x_wconf 84' lang='grc' dir='ltr'><strong><em>κατά</em></strong></span> <span class='ocrx_word' id='word_1_165' title='bbox 1045 2275 1127 2322; x_wconf 85' lang='grc' dir='ltr'><strong><em>τινας</em></strong></span> <span class='ocrx_word' id='word_1_166' title='bbox 1158 2253 1355 2335; x_wconf 80' lang='grc' dir='ltr'><strong><em>ὡρισμένους</em></strong></span> <span class='ocrx_word' id='word_1_167' title='bbox 1381 2255 1518 2337; x_wconf 87' lang='grc' dir='ltr'><strong><em>χρόνους</em></strong></span> 
     </span>
     <span class='ocr_line' id='line_1_19' title="bbox 234 2357 1515 2444; baseline 0.005 -25"><span class='ocrx_word' id='word_1_168' title='bbox 234 2357 310 2420; x_wconf 82' lang='grc' dir='ltr'><strong><em>εἶναι</em></strong></span> <span class='ocrx_word' id='word_1_169' title='bbox 328 2358 421 2422; x_wconf 82' lang='grc' dir='ltr'><strong><em>κενὸν</em></strong></span> <span class='ocrx_word' id='word_1_170' title='bbox 438 2361 506 2442; x_wconf 83' lang='grc' dir='ltr'><strong>μέν,</strong></span> <span class='ocrx_word' id='word_1_171' title='bbox 526 2361 569 2424; x_wconf 79' lang='grc' dir='ltr'><strong>οὐ</strong></span> <span class='ocrx_word' id='word_1_172' title='bbox 592 2360 666 2443; x_wconf 83' lang='grc' dir='ltr'><strong>μὴν</strong></span> <span class='ocrx_word' id='word_1_173' title='bbox 686 2360 841 2442; x_wconf 82' lang='grc' dir='ltr'><strong><em>ἄπειρόν</em></strong></span> <span class='ocrx_word' id='word_1_174' title='bbox 860 2377 987 2440; x_wconf 84' lang='grc' dir='ltr'><strong><em>φασιν,</em></strong></span> <span class='ocrx_word' id='word_1_175' title='bbox 1011 2358 1102 2422; x_wconf 80' lang='grc' dir='ltr'><em>ἀλλὰ</em></span> <span class='ocrx_word' id='word_1_176' title='bbox 1125 2365 1305 2424; x_wconf 84' lang='grc' dir='ltr'><strong><em>τοσοῦτον</em></strong></span> <span class='ocrx_word' id='word_1_177' title='bbox 1329 2362 1418 2424; x_wconf 86' lang='grc' dir='ltr'><strong><em>ὅσον</em></strong></span> <span class='ocrx_word' id='word_1_178' title='bbox 1441 2386 1515 2444; x_wconf 84' lang='grc' dir='ltr'><strong>χω-</strong></span> 
     </span>
     <span class='ocr_line' id='line_1_20' title="bbox 235 2462 1518 2547; baseline 0.003 -20"><span class='ocrx_word' id='word_1_179' title='bbox 235 2469 348 2547; x_wconf 84' lang='grc' dir='ltr'><strong><em>ρῆσαι</em></strong></span> <span class='ocrx_word' id='word_1_180' title='bbox 370 2466 487 2530; x_wconf 76' lang='grc' dir='ltr'><strong><em>λυθὲν</em></strong></span> <span class='ocrx_word' id='word_1_181' title='bbox 510 2467 550 2530; x_wconf 86' lang='grc' dir='ltr'><strong>τὸ</strong></span> <span class='ocrx_word' id='word_1_182' title='bbox 573 2473 653 2531; x_wconf 88' lang='grc' dir='ltr'><strong>πᾶν.</strong></span> <span class='ocrx_word' id='word_1_183' title='bbox 678 2462 1382 2547; x_wconf 70' lang='grc' dir='ltr'><strong>1711100101οΑ011111011,01111(1001111510</strong></span> <span class='ocrx_word' id='word_1_184' title='bbox 1402 2465 1518 2533; x_wconf 81' lang='lat' dir='ltr'><strong>Stoicis</strong></span> 
     </span>
     <span class='ocr_line' id='line_1_21' title="bbox 234 2569 1516 2657; baseline 0.005 -24"><span class='ocrx_word' id='word_1_185' title='bbox 234 2569 314 2635; x_wconf 86' lang='lat' dir='ltr'><strong>haee</strong></span> <span class='ocrx_word' id='word_1_186' title='bbox 341 2571 489 2655; x_wconf 88' lang='lat' dir='ltr'><strong>proferat,</strong></span> <span class='ocrx_word' id='word_1_187' title='bbox 522 2572 724 2639; x_wconf 87' lang='lat' dir='ltr'><strong>manifestum</strong></span> <span class='ocrx_word' id='word_1_188' title='bbox 753 2578 801 2638; x_wconf 87' lang='lat' dir='ltr'><strong>ast</strong></span> <span class='ocrx_word' id='word_1_189' title='bbox 828 2594 867 2638; x_wconf 83' lang='lat' dir='ltr'><strong>ax</strong></span> <span class='ocrx_word' id='word_1_190' title='bbox 889 2573 966 2638; x_wconf 86' lang='lat' dir='ltr'><strong>loeis</strong></span> <span class='ocrx_word' id='word_1_191' title='bbox 989 2572 1083 2638; x_wconf 92' lang='lat' dir='ltr'><strong>modo</strong></span> <span class='ocrx_word' id='word_1_192' title='bbox 1107 2572 1220 2655; x_wconf 87' lang='lat' dir='ltr'><strong>allatis,</strong></span> <span class='ocrx_word' id='word_1_193' title='bbox 1252 2574 1367 2657; x_wconf 93' lang='lat' dir='ltr'><strong>quibus</strong></span> <span class='ocrx_word' id='word_1_194' title='bbox 1391 2573 1516 2641; x_wconf 87' lang='lat' dir='ltr'><strong>Stoicos</strong></span> 
     </span>
     <span class='ocr_line' id='line_1_22' title="bbox 234 2675 1514 2765; baseline 0.005 -24"><span class='ocrx_word' id='word_1_195' title='bbox 234 2675 392 2744; x_wconf 90' lang='lat' dir='ltr'><strong>infinitum</strong></span> <span class='ocrx_word' id='word_1_196' title='bbox 420 2701 487 2745; x_wconf 91' lang='lat' dir='ltr'><strong>esse</strong></span> <span class='ocrx_word' id='word_1_197' title='bbox 516 2702 651 2746; x_wconf 83' lang='lat' dir='ltr'><strong>vacuum</strong></span> <span class='ocrx_word' id='word_1_198' title='bbox 680 2682 839 2747; x_wconf 89' lang='lat' dir='ltr'><strong>censuisse</strong></span> <span class='ocrx_word' id='word_1_199' title='bbox 867 2680 951 2746; x_wconf 84' lang='lat' dir='ltr'><strong>clare</strong></span> <span class='ocrx_word' id='word_1_200' title='bbox 980 2680 1222 2746; x_wconf 88' lang='lat' dir='ltr'><strong>demonstratur.</strong></span> <span class='ocrx_word' id='word_1_201' title='bbox 1267 2679 1380 2765; x_wconf 87' lang='lat' dir='ltr'><strong>Neque</strong></span> <span class='ocrx_word' id='word_1_202' title='bbox 1408 2688 1514 2747; x_wconf 87' lang='lat' dir='ltr'><strong>tamen</strong></span> 
     </span>
     <span class='ocr_line' id='line_1_23' title="bbox 228 2786 1515 2873; baseline 0.003 -23"><span class='ocrx_word' id='word_1_203' title='bbox 228 2786 397 2870; x_wconf 90' lang='lat' dir='ltr'><strong>quisquam</strong></span> <span class='ocrx_word' id='word_1_204' title='bbox 422 2795 517 2872; x_wconf 88' lang='lat' dir='ltr'><strong>neget</strong></span> <span class='ocrx_word' id='word_1_205' title='bbox 539 2789 660 2873; x_wconf 87' lang='lat' dir='ltr'><strong>aliquid</strong></span> <span class='ocrx_word' id='word_1_206' title='bbox 677 2790 755 2854; x_wconf 89' lang='lat' dir='ltr'><strong>recti</strong></span> <span class='ocrx_word' id='word_1_207' title='bbox 775 2788 902 2854; x_wconf 90' lang='lat' dir='ltr'><strong>subesse</strong></span> <span class='ocrx_word' id='word_1_208' title='bbox 920 2789 987 2853; x_wconf 91' lang='lat' dir='ltr'><strong>eius</strong></span> <span class='ocrx_word' id='word_1_209' title='bbox 1006 2788 1117 2869; x_wconf 89' lang='lat' dir='ltr'><strong>verbis,</strong></span> <span class='ocrx_word' id='word_1_210' title='bbox 1140 2789 1295 2873; x_wconf 90' lang='lat' dir='ltr'><strong>imprimis</strong></span> <span class='ocrx_word' id='word_1_211' title='bbox 1305 2789 1390 2873; x_wconf 93' lang='lat' dir='ltr'><strong>quod</strong></span> <span class='ocrx_word' id='word_1_212' title='bbox 1399 2789 1515 2855; x_wconf 88' lang='lat' dir='ltr'><strong>diserte</strong></span> 
     </span>
     <span class='ocr_line' id='line_1_24' title="bbox 225 2890 1514 2982; baseline 0.004 -25"><span class='ocrx_word' id='word_1_213' title='bbox 225 2890 317 2959; x_wconf 79' lang='lat' dir='ltr'><strong>addit</strong></span> <span class='ocrx_word' id='word_1_214' title='bbox 339 2902 487 2960; x_wconf 81' lang='grc' dir='ltr'><strong><em>τοσοῦτον</em></strong></span> <span class='ocrx_word' id='word_1_215' title='bbox 511 2899 587 2962; x_wconf 90' lang='grc' dir='ltr'><strong><em>ὅσον</em></strong></span> <span class='ocrx_word' id='word_1_216' title='bbox 610 2905 755 2982; x_wconf 79' lang='grc' dir='ltr'><strong><em>χωρῆσαι</em></strong></span> <span class='ocrx_word' id='word_1_217' title='bbox 778 2897 876 2962; x_wconf 74' lang='grc' dir='ltr'><strong><em>λυθὲν</em></strong></span> <span class='ocrx_word' id='word_1_218' title='bbox 895 2897 930 2960; x_wconf 87' lang='grc' dir='ltr'><strong>τὸ</strong></span> <span class='ocrx_word' id='word_1_219' title='bbox 949 2902 1020 2960; x_wconf 86' lang='grc' dir='ltr'><strong>πᾶν.</strong></span> <span class='ocrx_word' id='word_1_220' title='bbox 1069 2893 1195 2962; x_wconf 81' lang='lat' dir='ltr'><strong>Scimus</strong></span> <span class='ocrx_word' id='word_1_221' title='bbox 1212 2902 1318 2961; x_wconf 84' lang='lat' dir='ltr'><strong>autem</strong></span> <span class='ocrx_word' id='word_1_222' title='bbox 1334 2919 1392 2982; x_wconf 86' lang='lat' dir='ltr'><strong>per</strong></span> <span class='ocrx_word' id='word_1_223' title='bbox 1405 2897 1514 2962; x_wconf 81' lang='lat' dir='ltr'><strong>Eudo-</strong></span> 
     </span>
     <span class='ocr_line' id='line_1_25' title="bbox 224 3001 1515 3070; baseline 0.003 -6"><span class='ocrx_word' id='word_1_224' title='bbox 224 3022 299 3065; x_wconf 90' lang='lat' dir='ltr'><strong>rum</strong></span> <span class='ocrx_word' id='word_1_225' title='bbox 321 3006 355 3067; x_wconf 88' lang='lat' dir='ltr'><strong>at</strong></span> <span class='ocrx_word' id='word_1_226' title='bbox 377 3001 557 3068; x_wconf 88' lang='lat' dir='ltr'><strong>Diodorum</strong></span> <span class='ocrx_word' id='word_1_227' title='bbox 580 3005 613 3068; x_wconf 92' lang='lat' dir='ltr'><strong>in</strong></span> <span class='ocrx_word' id='word_1_228' title='bbox 637 3002 774 3069; x_wconf 79' lang='lat' dir='ltr'><strong>Achillis</strong></span> <span class='ocrx_word' id='word_1_229' title='bbox 803 3003 919 3068; x_wconf 86' lang='lat' dir='ltr'><strong>librum</strong></span> <span class='ocrx_word' id='word_1_230' title='bbox 943 3003 1045 3068; x_wconf 81' lang='grc'><strong>1111110</strong></span> <span class='ocrx_word' id='word_1_231' title='bbox 1074 3001 1202 3068; x_wconf 84' lang='lat' dir='ltr'><strong>fluxisse</strong></span> <span class='ocrx_word' id='word_1_232' title='bbox 1230 3025 1270 3068; x_wconf 85' lang='lat' dir='ltr'><strong>ax</strong></span> <span class='ocrx_word' id='word_1_233' title='bbox 1292 3004 1515 3070; x_wconf 89' lang='lat' dir='ltr'><strong>Posidonianis</strong></span> 
     </span>
     <span class='ocr_line' id='line_1_26' title="bbox 224 3108 1513 3195; baseline 0.004 -24"><span class='ocrx_word' id='word_1_234' title='bbox 224 3108 349 3192; x_wconf 86' lang='lat' dir='ltr'><strong>seriptis</strong></span> <span class='ocrx_word' id='word_1_235' title='bbox 381 3109 485 3194; x_wconf 90' lang='lat' dir='ltr'><strong>(Diels</strong></span> <span class='ocrx_word' id='word_1_236' title='bbox 517 3111 659 3195; x_wconf 84' lang='lat' dir='ltr'><strong>Doxogr.</strong></span> <span class='ocrx_word' id='word_1_237' title='bbox 690 3109 747 3178; x_wconf 82' lang='lat' dir='ltr'><strong>Gr.</strong></span> <span class='ocrx_word' id='word_1_238' title='bbox 775 3111 853 3195; x_wconf 90' lang='lat' dir='ltr'><strong>prol.</strong></span> <span class='ocrx_word' id='word_1_239' title='bbox 877 3134 907 3195; x_wconf 90' lang='lat' dir='ltr'><strong>p.</strong></span> <span class='ocrx_word' id='word_1_240' title='bbox 933 3114 972 3176; x_wconf 76' lang='lat'><strong>17</strong></span> <span class='ocrx_word' id='word_1_241' title='bbox 999 3112 1086 3195; x_wconf 84' lang='lat' dir='ltr'><strong>sqq.),</strong></span> <span class='ocrx_word' id='word_1_242' title='bbox 1118 3111 1203 3176; x_wconf 90' lang='lat' dir='ltr'><strong>unde</strong></span> <span class='ocrx_word' id='word_1_243' title='bbox 1238 3133 1444 3193; x_wconf 81' lang='lat' dir='ltr'><strong>commoveor,</strong></span> <span class='ocrx_word' id='word_1_244' title='bbox 1476 3119 1513 3177; x_wconf 87' lang='grc'><strong>01</strong></span> 
     </span>
     <span class='ocr_line' id='line_1_27' title="bbox 223 3213 1509 3302; baseline 0.002 -23"><span class='ocrx_word' id='word_1_245' title='bbox 223 3213 378 3281; x_wconf 87' lang='lat' dir='ltr'><strong>affirmem</strong></span> <span class='ocrx_word' id='word_1_246' title='bbox 406 3216 486 3282; x_wconf 83' lang='lat' dir='ltr'><strong>illud</strong></span> <span class='ocrx_word' id='word_1_247' title='bbox 516 3218 669 3302; x_wconf 87' lang='lat' dir='ltr'><strong>placitum</strong></span> <span class='ocrx_word' id='word_1_248' title='bbox 696 3241 730 3283; x_wconf 90' lang='lat' dir='ltr'><strong>re</strong></span> <span class='ocrx_word' id='word_1_249' title='bbox 758 3240 834 3284; x_wconf 83' lang='lat' dir='ltr'><strong>vera</strong></span> <span class='ocrx_word' id='word_1_250' title='bbox 858 3217 1004 3283; x_wconf 86' lang='lat' dir='ltr'><strong>exhibere</strong></span> <span class='ocrx_word' id='word_1_251' title='bbox 1020 3239 1140 3283; x_wconf 88' lang='lat' dir='ltr'><strong>maram</strong></span> <span class='ocrx_word' id='word_1_252' title='bbox 1151 3218 1314 3284; x_wconf 92' lang='lat' dir='ltr'><strong>Posidonii</strong></span> <span class='ocrx_word' id='word_1_253' title='bbox 1324 3219 1509 3301; x_wconf 84' lang='lat' dir='ltr'><strong>doctrinam,</strong></span> 
     </span>
     <span class='ocr_line' id='line_1_28' title="bbox 224 3323 1511 3408; baseline 0.004 -22"><span class='ocrx_word' id='word_1_254' title='bbox 224 3323 277 3406; x_wconf 92' lang='lat' dir='ltr'><strong>qui</strong></span> <span class='ocrx_word' id='word_1_255' title='bbox 311 3329 425 3389; x_wconf 87' lang='lat' dir='ltr'><strong>contra</strong></span> <span class='ocrx_word' id='word_1_256' title='bbox 457 3332 576 3392; x_wconf 87' lang='lat' dir='ltr'><strong>eeteros</strong></span> <span class='ocrx_word' id='word_1_257' title='bbox 609 3324 734 3392; x_wconf 87' lang='lat' dir='ltr'><strong>Stoicos</strong></span> <span class='ocrx_word' id='word_1_258' title='bbox 768 3347 903 3392; x_wconf 85' lang='lat' dir='ltr'><strong>vacuum</strong></span> <span class='ocrx_word' id='word_1_259' title='bbox 935 3347 1000 3391; x_wconf 92' lang='lat' dir='ltr'><strong>non</strong></span> <span class='ocrx_word' id='word_1_260' title='bbox 1032 3324 1191 3392; x_wconf 90' lang='lat' dir='ltr'><strong>infinitum</strong></span> <span class='ocrx_word' id='word_1_261' title='bbox 1220 3347 1287 3391; x_wconf 90' lang='lat' dir='ltr'><strong>esse</strong></span> <span class='ocrx_word' id='word_1_262' title='bbox 1316 3326 1432 3408; x_wconf 84' lang='lat' dir='ltr'><strong>docuit,</strong></span> <span class='ocrx_word' id='word_1_263' title='bbox 1456 3328 1511 3391; x_wconf 89' lang='lat' dir='ltr'><strong>sed</strong></span> 
     </span>
     <span class='ocr_line' id='line_1_29' title="bbox 222 3432 1106 3518; baseline 0.005 -25"><span class='ocrx_word' id='word_1_264' title='bbox 222 3433 359 3512; x_wconf 85' lang='lat' dir='ltr'><strong>tantum,</strong></span> <span class='ocrx_word' id='word_1_265' title='bbox 383 3438 540 3514; x_wconf 90' lang='lat' dir='ltr'><strong>quantum</strong></span> <span class='ocrx_word' id='word_1_266' title='bbox 558 3435 704 3500; x_wconf 87' lang='lat' dir='ltr'><strong>universo</strong></span> <span class='ocrx_word' id='word_1_267' title='bbox 728 3433 831 3500; x_wconf 88' lang='lat' dir='ltr'><strong>soluto</strong></span> <span class='ocrx_word' id='word_1_268' title='bbox 854 3440 962 3517; x_wconf 87' lang='lat' dir='ltr'><strong>posset</strong></span> <span class='ocrx_word' id='word_1_269' title='bbox 984 3432 1106 3518; x_wconf 89' lang='lat' dir='ltr'><strong>repleri.</strong></span> 
     </span>
    </p>
   </div>
   <div class='ocr_carea' id='block_1_3' title="bbox 222 3645 1511 3791">
    <p class='ocr_par' dir='ltr' id='par_1_3' title="bbox 222 3645 1511 3791">
     <span class='ocr_line' id='line_1_30' title="bbox 312 3645 1511 3719; baseline 0.003 -19"><span class='ocrx_word' id='word_1_270' title='bbox 312 3647 331 3707; x_wconf 80' lang='grc' dir='ltr'><strong>ι’1</strong></span> <span class='ocrx_word' id='word_1_271' title='bbox 354 3645 527 3716; x_wconf 76' lang='lat' dir='ltr'><strong>Quamquam</strong></span> <span class='ocrx_word' id='word_1_272' title='bbox 551 3664 763 3702; x_wconf 83' lang='lat' dir='ltr'><strong>eommemorem</strong></span> <span class='ocrx_word' id='word_1_273' title='bbox 791 3646 997 3703; x_wconf 82' lang='lat' dir='ltr'><strong>Sahmekelium</strong></span> <span class='ocrx_word' id='word_1_274' title='bbox 1024 3646 1097 3701; x_wconf 91' lang='lat' dir='ltr'><strong>Phil.</strong></span> <span class='ocrx_word' id='word_1_275' title='bbox 1123 3646 1152 3706; x_wconf 83' lang='lat' dir='ltr'><strong>d.</strong></span> <span class='ocrx_word' id='word_1_276' title='bbox 1177 3647 1258 3700; x_wconf 82' lang='grc'><strong>1111111.</strong></span> <span class='ocrx_word' id='word_1_277' title='bbox 1278 3646 1346 3701; x_wconf 87' lang='lat' dir='ltr'><strong>Stoa</strong></span> <span class='ocrx_word' id='word_1_278' title='bbox 1363 3666 1391 3719; x_wconf 89' lang='lat' dir='ltr'><strong>p.</strong></span> <span class='ocrx_word' id='word_1_279' title='bbox 1413 3654 1463 3703; x_wconf 89' lang='grc'><strong>188</strong></span> <span class='ocrx_word' id='word_1_280' title='bbox 1483 3657 1511 3704; x_wconf 89' lang='grc'><strong>01</strong></span> 
     </span>
     <span class='ocr_line' id='line_1_31' title="bbox 222 3715 1508 3791; baseline 0.005 -22"><span class='ocrx_word' id='word_1_281' title='bbox 222 3715 285 3770; x_wconf 89' lang='lat' dir='ltr'><strong>adn.</strong></span> <span class='ocrx_word' id='word_1_282' title='bbox 305 3720 321 3770; x_wconf 83' lang='lat'>2</span> <span class='ocrx_word' id='word_1_283' title='bbox 341 3717 421 3772; x_wconf 84' lang='lat' dir='ltr'><strong>aliter</strong></span> <span class='ocrx_word' id='word_1_284' title='bbox 439 3718 492 3772; x_wconf 89' lang='lat' dir='ltr'><strong>hae</strong></span> <span class='ocrx_word' id='word_1_285' title='bbox 510 3718 545 3773; x_wconf 87' lang='lat' dir='ltr'><strong>de</strong></span> <span class='ocrx_word' id='word_1_286' title='bbox 563 3737 593 3774; x_wconf 88' lang='lat' dir='ltr'><strong>re</strong></span> <span class='ocrx_word' id='word_1_287' title='bbox 612 3720 720 3774; x_wconf 74' lang='lat' dir='ltr'><strong>sentire.</strong></span> <span class='ocrx_word' id='word_1_288' title='bbox 756 3719 835 3775; x_wconf 86' lang='lat' dir='ltr'><strong>Dieit</strong></span> <span class='ocrx_word' id='word_1_289' title='bbox 844 3717 1007 3775; x_wconf 81' lang='lat' dir='ltr'><strong>Panaetium</strong></span> <span class='ocrx_word' id='word_1_290' title='bbox 1021 3725 1049 3774; x_wconf 90' lang='lat' dir='ltr'><strong>et</strong></span> <span class='ocrx_word' id='word_1_291' title='bbox 1057 3718 1197 3772; x_wconf 78' lang='lat' dir='ltr'><strong>Boethum</strong></span> <span class='ocrx_word' id='word_1_292' title='bbox 1214 3736 1332 3774; x_wconf 77' lang='grc'><strong>1001111111</strong></span> <span class='ocrx_word' id='word_1_293' title='bbox 1350 3736 1409 3775; x_wconf 82' lang='grc'><strong>0010</strong></span> <span class='ocrx_word' id='word_1_294' title='bbox 1428 3739 1508 3791; x_wconf 77' lang='lat' dir='ltr'><strong>nega</strong></span> 
     </span>
    </p>
   </div>
   <div class='ocr_carea' id='block_1_4' title="bbox 221 3787 1507 3932">
    <p class='ocr_par' dir='ltr' id='par_1_4' title="bbox 221 3787 1507 3932">
     <span class='ocr_line' id='line_1_32' title="bbox 221 3787 1507 3862; baseline 0.003 -20"><span class='ocrx_word' id='word_1_295' title='bbox 221 3787 300 3857; x_wconf 81' lang='grc'><strong>11010,</strong></span> <span class='ocrx_word' id='word_1_296' title='bbox 329 3790 405 3858; x_wconf 89' lang='lat' dir='ltr'><strong>quod</strong></span> <span class='ocrx_word' id='word_1_297' title='bbox 434 3791 622 3845; x_wconf 85' lang='lat' dir='ltr'><strong>aeternitatem</strong></span> <span class='ocrx_word' id='word_1_298' title='bbox 647 3791 742 3846; x_wconf 87' lang='lat' dir='ltr'><strong>mundi</strong></span> <span class='ocrx_word' id='word_1_299' title='bbox 769 3792 969 3862; x_wconf 80' lang='lat' dir='ltr'><strong>probavissent.</strong></span> <span class='ocrx_word' id='word_1_300' title='bbox 1005 3791 1096 3846; x_wconf 87' lang='lat' dir='ltr'><strong>Affart</strong></span> <span class='ocrx_word' id='word_1_301' title='bbox 1124 3791 1206 3845; x_wconf 84' lang='lat' dir='ltr'><strong>etiam</strong></span> <span class='ocrx_word' id='word_1_302' title='bbox 1233 3791 1326 3845; x_wconf 85' lang='lat' dir='ltr'><strong>locum</strong></span> <span class='ocrx_word' id='word_1_303' title='bbox 1353 3791 1507 3846; x_wconf 86' lang='lat' dir='ltr'><strong>Oleomedis</strong></span> 
     </span>
     <span class='ocr_line' id='line_1_33' title="bbox 221 3859 1507 3932; baseline 0.001 -19"><span class='ocrx_word' id='word_1_304' title='bbox 221 3859 365 3929; x_wconf 80' lang='grc'><strong>(6,11-27</strong></span> <span class='ocrx_word' id='word_1_305' title='bbox 376 3861 418 3930; x_wconf 86' lang='grc' dir='ltr'><strong>Ζ),</strong></span> <span class='ocrx_word' id='word_1_306' title='bbox 438 3863 482 3916; x_wconf 86' lang='lat' dir='ltr'><strong>eui</strong></span> <span class='ocrx_word' id='word_1_307' title='bbox 501 3862 580 3916; x_wconf 89' lang='lat' dir='ltr'><strong>addit</strong></span> <span class='ocrx_word' id='word_1_308' title='bbox 597 3863 665 3919; x_wconf 86' lang='lat' dir='ltr'><strong>hoe:</strong></span> <span class='ocrx_word' id='word_1_309' title='bbox 704 3862 803 3931; x_wconf 86' lang='lat' dir='ltr'><strong>„Dieae</strong></span> <span class='ocrx_word' id='word_1_310' title='bbox 822 3863 950 3918; x_wconf 88' lang='lat' dir='ltr'><strong>Polemik</strong></span> <span class='ocrx_word' id='word_1_311' title='bbox 967 3862 1070 3918; x_wconf 84' lang='lat' dir='ltr'><strong>riehtet</strong></span> <span class='ocrx_word' id='word_1_312' title='bbox 1087 3861 1147 3917; x_wconf 83' lang='lat' dir='ltr'><strong>sich</strong></span> <span class='ocrx_word' id='word_1_313' title='bbox 1165 3879 1254 3932; x_wconf 82' lang='lat' dir='ltr'><strong>gagen</strong></span> <span class='ocrx_word' id='word_1_314' title='bbox 1268 3863 1383 3932; x_wconf 85' lang='lat' dir='ltr'><strong>Stoiker‚</strong></span> <span class='ocrx_word' id='word_1_315' title='bbox 1402 3865 1507 3919; x_wconf 81' lang='lat' dir='ltr'><strong>welche</strong></span> 
     </span>
    </p>
   </div>
   <div class='ocr_carea' id='block_1_5' title="bbox 220 3935 1507 4096">
    <p class='ocr_par' dir='ltr' id='par_1_5' title="bbox 220 3935 1507 4096">
     <span class='ocr_line' id='line_1_34' title="bbox 221 3935 1507 4018; baseline 0.004 -16"><span class='ocrx_word' id='word_1_316' title='bbox 221 3947 266 4004; x_wconf 84' lang='lat' dir='ltr'><strong>die</strong></span> <span class='ocrx_word' id='word_1_317' title='bbox 293 3935 472 4018; x_wconf 70' lang='grc' dir='ltr'><strong><em>ἐκπύρωσις</em></strong></span> <span class='ocrx_word' id='word_1_318' title='bbox 499 3951 557 4005; x_wconf 89' lang='lat' dir='ltr'><strong>und</strong></span> <span class='ocrx_word' id='word_1_319' title='bbox 575 3952 627 4005; x_wconf 88' lang='lat' dir='ltr'><strong>mit</strong></span> <span class='ocrx_word' id='word_1_320' title='bbox 644 3951 689 4006; x_wconf 83' lang='lat' dir='ltr'><strong>ihr</strong></span> <span class='ocrx_word' id='word_1_321' title='bbox 706 3953 777 4009; x_wconf 81' lang='lat' dir='ltr'><strong>anah</strong></span> <span class='ocrx_word' id='word_1_322' title='bbox 795 3953 849 4008; x_wconf 90' lang='lat' dir='ltr'><strong>dan</strong></span> <span class='ocrx_word' id='word_1_323' title='bbox 867 3953 958 4008; x_wconf 89' lang='lat' dir='ltr'><strong>learen</strong></span> <span class='ocrx_word' id='word_1_324' title='bbox 968 3952 1059 4008; x_wconf 82' lang='lat' dir='ltr'><strong>Reum</strong></span> <span class='ocrx_word' id='word_1_325' title='bbox 1069 3951 1222 4007; x_wconf 83' lang='lat' dir='ltr'><strong>varworfen</strong></span> <span class='ocrx_word' id='word_1_326' title='bbox 1231 3950 1338 4018; x_wconf 84' lang='lat' dir='ltr'><strong>hatten,</strong></span> <span class='ocrx_word' id='word_1_327' title='bbox 1355 3952 1412 4007; x_wconf 90' lang='lat' dir='ltr'><strong>und</strong></span> <span class='ocrx_word' id='word_1_328' title='bbox 1431 3954 1507 4009; x_wconf 86' lang='lat' dir='ltr'><strong>nieht</strong></span> 
     </span>
     <span class='ocr_line' id='line_1_35' title="bbox 220 4021 1507 4096; baseline 0.003 -20"><span class='ocrx_word' id='word_1_329' title='bbox 220 4038 310 4092; x_wconf 83' lang='lat' dir='ltr'><strong>gagen</strong></span> <span class='ocrx_word' id='word_1_330' title='bbox 328 4021 429 4078; x_wconf 78' lang='lat' dir='ltr'><strong>undere</strong></span> <span class='ocrx_word' id='word_1_331' title='bbox 449 4022 645 4093; x_wconf 87' lang='lat' dir='ltr'><strong>Philosophen.</strong></span> <span class='ocrx_word' id='word_1_332' title='bbox 683 4024 765 4080; x_wconf 89' lang='lat' dir='ltr'><strong>Danu</strong></span> <span class='ocrx_word' id='word_1_333' title='bbox 782 4043 871 4096; x_wconf 83' lang='lat' dir='ltr'><strong>gagen</strong></span> <span class='ocrx_word' id='word_1_334' title='bbox 890 4025 965 4080; x_wconf 90' lang='lat' dir='ltr'><strong>diese</strong></span> <span class='ocrx_word' id='word_1_335' title='bbox 983 4024 1053 4096; x_wconf 84' lang='lat' dir='ltr'><strong>folgt</strong></span> <span class='ocrx_word' id='word_1_336' title='bbox 1076 4025 1116 4079; x_wconf 88' lang='lat' dir='ltr'><strong>sie</strong></span> <span class='ocrx_word' id='word_1_337' title='bbox 1135 4027 1190 4078; x_wconf 84' lang='lat' dir='ltr'><strong>eret</strong></span> <span class='ocrx_word' id='word_1_338' title='bbox 1208 4041 1252 4078; x_wconf 93' lang='lat' dir='ltr'><strong>am</strong></span> <span class='ocrx_word' id='word_1_339' title='bbox 1271 4022 1399 4079; x_wconf 86' lang='lat' dir='ltr'><strong>Sehlusso</strong></span> <span class='ocrx_word' id='word_1_340' title='bbox 1419 4024 1507 4080; x_wconf 87' lang='lat' dir='ltr'><strong>dieses</strong></span> 
     </span>
    </p>
   </div>
   <div class='ocr_carea' id='block_1_6' title="bbox 215 4099 1506 4364">
    <p class='ocr_par' dir='ltr' id='par_1_6' title="bbox 215 4099 1506 4364">
     <span class='ocr_line' id='line_1_36' title="bbox 220 4099 1506 4184; baseline 0.004 -18"><span class='ocrx_word' id='word_1_341' title='bbox 220 4109 415 4166; x_wconf 66' lang='lat' dir='ltr'><strong>Abeehnitted</strong></span> <span class='ocrx_word' id='word_1_342' title='bbox 429 4117 481 4168; x_wconf 87' lang='lat' dir='ltr'><strong>eto.</strong></span> <span class='ocrx_word' id='word_1_343' title='bbox 519 4111 592 4181; x_wconf 87' lang='lat' dir='ltr'><strong>quod</strong></span> <span class='ocrx_word' id='word_1_344' title='bbox 612 4113 739 4184; x_wconf 90' lang='lat' dir='ltr'><strong>equidem</strong></span> <span class='ocrx_word' id='word_1_345' title='bbox 758 4120 864 4170; x_wconf 83' lang='lat' dir='ltr'><strong>eertum</strong></span> <span class='ocrx_word' id='word_1_346' title='bbox 881 4115 956 4170; x_wconf 88' lang='lat' dir='ltr'><strong>haud</strong></span> <span class='ocrx_word' id='word_1_347' title='bbox 971 4115 1107 4170; x_wconf 81' lang='lat' dir='ltr'><strong>existimo.</strong></span> <span class='ocrx_word' id='word_1_348' title='bbox 1144 4099 1341 4168; x_wconf 77' lang='grc' dir='ltr'><strong>(111101111θῖ</strong></span> <span class='ocrx_word' id='word_1_349' title='bbox 1366 4099 1506 4181; x_wconf 63' lang='grc' dir='ltr'><strong>λέγοντες</strong></span> 
     </span>
     <span class='ocr_line' id='line_1_37' title="bbox 220 4187 1504 4274; baseline 0.004 -20"><span class='ocrx_word' id='word_1_350' title='bbox 220 4200 258 4270; x_wconf 89' lang='lat' dir='ltr'><strong>(p.</strong></span> <span class='ocrx_word' id='word_1_351' title='bbox 277 4201 389 4270; x_wconf 71' lang='grc'><strong>11102)</strong></span> <span class='ocrx_word' id='word_1_352' title='bbox 409 4201 496 4257; x_wconf 87' lang='lat' dir='ltr'><strong>Stoiei</strong></span> <span class='ocrx_word' id='word_1_353' title='bbox 523 4221 581 4258; x_wconf 84' lang='lat' dir='ltr'><strong>aeae</strong></span> <span class='ocrx_word' id='word_1_354' title='bbox 605 4202 723 4259; x_wconf 83' lang='lat' dir='ltr'><strong>debent?</strong></span> <span class='ocrx_word' id='word_1_355' title='bbox 760 4204 791 4259; x_wconf 89' lang='lat' dir='ltr'><strong>Si</strong></span> <span class='ocrx_word' id='word_1_356' title='bbox 815 4209 912 4274; x_wconf 86' lang='lat' dir='ltr'><strong>putare</strong></span> <span class='ocrx_word' id='word_1_357' title='bbox 938 4221 1064 4260; x_wconf 85' lang='lat' dir='ltr'><strong>veremur</strong></span> <span class='ocrx_word' id='word_1_358' title='bbox 1080 4187 1153 4258; x_wconf 85' lang='grc' dir='ltr'><strong><em>τοὺς</em></strong></span> <span class='ocrx_word' id='word_1_359' title='bbox 1175 4187 1321 4268; x_wconf 67' lang='grc' dir='ltr'><strong><em>λέγοντας</em></strong></span> <span class='ocrx_word' id='word_1_360' title='bbox 1351 4203 1504 4274; x_wconf 79' lang='lat' dir='ltr'><strong>significare</strong></span> 
     </span>
     <span class='ocr_line' id='line_1_38' title="bbox 215 4273 1506 4364; baseline 0.008 -27"><span class='ocrx_word' id='word_1_361' title='bbox 215 4273 427 4359; x_wconf 77' lang='grc' dir='ltr'><strong><em>Ἀριστοτέλην</em></strong></span> <span class='ocrx_word' id='word_1_362' title='bbox 450 4277 504 4340; x_wconf 83' lang='grc' dir='ltr'><strong>καὶ</strong></span> <span class='ocrx_word' id='word_1_363' title='bbox 527 4276 599 4347; x_wconf 84' lang='grc' dir='ltr'><strong><em>τοὺς</em></strong></span> <span class='ocrx_word' id='word_1_364' title='bbox 622 4276 686 4341; x_wconf 85' lang='grc' dir='ltr'><strong>ἀπὸ</strong></span> <span class='ocrx_word' id='word_1_365' title='bbox 709 4285 764 4362; x_wconf 83' lang='grc' dir='ltr'><strong>τῆς</strong></span> <span class='ocrx_word' id='word_1_366' title='bbox 787 4280 938 4362; x_wconf 78' lang='grc' dir='ltr'><strong><em>αἱρέσεως</em></strong></span> <span class='ocrx_word' id='word_1_367' title='bbox 957 4295 996 4364; x_wconf 86' lang='lat' dir='ltr'><strong>(p.</strong></span> <span class='ocrx_word' id='word_1_368' title='bbox 1019 4298 1061 4363; x_wconf 80' lang='lat'><strong>10,</strong></span> <span class='ocrx_word' id='word_1_369' title='bbox 1080 4296 1118 4363; x_wconf 80' lang='lat'><strong>6),</strong></span> <span class='ocrx_word' id='word_1_370' title='bbox 1142 4298 1222 4347; x_wconf 86' lang='lat' dir='ltr'><strong>erant</strong></span> <span class='ocrx_word' id='word_1_371' title='bbox 1248 4292 1295 4344; x_wconf 83' lang='lat' dir='ltr'><strong>elii</strong></span> <span class='ocrx_word' id='word_1_372' title='bbox 1315 4310 1430 4361; x_wconf 87' lang='lat' dir='ltr'><strong>quoque,</strong></span> <span class='ocrx_word' id='word_1_373' title='bbox 1460 4296 1506 4363; x_wconf 91' lang='lat' dir='ltr'><strong>qui</strong></span> 
     </span>
    </p>
   </div>
   <div class='ocr_carea' id='block_1_7' title="bbox 219 4363 1502 4507">
    <p class='ocr_par' dir='ltr' id='par_1_7' title="bbox 219 4363 1502 4507">
     <span class='ocr_line' id='line_1_39' title="bbox 219 4363 1502 4436; baseline 0.003 -20"><span class='ocrx_word' id='word_1_374' title='bbox 219 4378 336 4416; x_wconf 83' lang='grc'><strong>1110111111</strong></span> <span class='ocrx_word' id='word_1_375' title='bbox 354 4379 412 4418; x_wconf 79' lang='lat' dir='ltr'><strong>aare</strong></span> <span class='ocrx_word' id='word_1_376' title='bbox 431 4364 577 4434; x_wconf 83' lang='lat' dir='ltr'><strong>negabant,</strong></span> <span class='ocrx_word' id='word_1_377' title='bbox 590 4364 666 4419; x_wconf 89' lang='lat' dir='ltr'><strong>velut</strong></span> <span class='ocrx_word' id='word_1_378' title='bbox 683 4365 765 4420; x_wconf 86' lang='lat' dir='ltr'><strong>Plato</strong></span> <span class='ocrx_word' id='word_1_379' title='bbox 789 4372 818 4421; x_wconf 90' lang='lat' dir='ltr'><strong>et</strong></span> <span class='ocrx_word' id='word_1_380' title='bbox 835 4365 926 4420; x_wconf 78' lang='lat' dir='ltr'><strong>Strato</strong></span> <span class='ocrx_word' id='word_1_381' title='bbox 945 4364 1150 4436; x_wconf 75' lang='lat' dir='ltr'><strong>Lampsacenus</strong></span> <span class='ocrx_word' id='word_1_382' title='bbox 1169 4365 1247 4432; x_wconf 76' lang='lat' dir='ltr'><strong>(Aet.</strong></span> <span class='ocrx_word' id='word_1_383' title='bbox 1266 4363 1303 4433; x_wconf 89' lang='lat' dir='ltr'><strong>pl.</strong></span> <span class='ocrx_word' id='word_1_384' title='bbox 1322 4363 1348 4432; x_wconf 86' lang='lat' dir='ltr'><strong>J,</strong></span> <span class='ocrx_word' id='word_1_385' title='bbox 1371 4369 1411 4434; x_wconf 88' lang='grc'><strong>18,</strong></span> <span class='ocrx_word' id='word_1_386' title='bbox 1431 4370 1456 4434; x_wconf 91' lang='grc'><strong>4,</strong></span> <span class='ocrx_word' id='word_1_387' title='bbox 1475 4385 1502 4436; x_wconf 88' lang='lat' dir='ltr'><strong>p.</strong></span> 
     </span>
     <span class='ocr_line' id='line_1_40' title="bbox 219 4432 1502 4507; baseline 0.003 -20"><span class='ocrx_word' id='word_1_388' title='bbox 219 4436 273 4488; x_wconf 86' lang='grc'><strong>318</strong></span> <span class='ocrx_word' id='word_1_389' title='bbox 290 4432 391 4504; x_wconf 86' lang='lat' dir='ltr'><strong>Diels).</strong></span> <span class='ocrx_word' id='word_1_390' title='bbox 418 4434 575 4491; x_wconf 78' lang='grc'><strong>0111011111.</strong></span> <span class='ocrx_word' id='word_1_391' title='bbox 594 4435 661 4506; x_wconf 83' lang='lat' dir='ltr'><strong>issg.</strong></span> <span class='ocrx_word' id='word_1_392' title='bbox 682 4455 705 4492; x_wconf 86' lang='lat' dir='ltr'><strong>e.</strong></span> <span class='ocrx_word' id='word_1_393' title='bbox 725 4441 750 4507; x_wconf 91' lang='grc'><strong>8,</strong></span> <span class='ocrx_word' id='word_1_394' title='bbox 769 4456 797 4507; x_wconf 91' lang='lat' dir='ltr'><strong>p.</strong></span> <span class='ocrx_word' id='word_1_395' title='bbox 813 4442 856 4506; x_wconf 84' lang='lat'><strong>38,</strong></span> <span class='ocrx_word' id='word_1_396' title='bbox 878 4442 910 4494; x_wconf 77' lang='grc'><strong>11</strong></span> <span class='ocrx_word' id='word_1_397' title='bbox 929 4436 1031 4494; x_wconf 82' lang='lat' dir='ltr'><strong>Maesa.</strong></span> <span class='ocrx_word' id='word_1_398' title='bbox 1051 4437 1094 4492; x_wconf 87' lang='lat' dir='ltr'><strong>Ne</strong></span> <span class='ocrx_word' id='word_1_399' title='bbox 1112 4437 1196 4492; x_wconf 87' lang='lat' dir='ltr'><strong>verba</strong></span> <span class='ocrx_word' id='word_1_400' title='bbox 1214 4434 1326 4506; x_wconf 88' lang='lat' dir='ltr'><strong>quidam</strong></span> <span class='ocrx_word' id='word_1_401' title='bbox 1346 4435 1502 4492; x_wconf 77' lang='lat' dir='ltr'><strong>Cleomedis</strong></span> 
     </span>
    </p>
   </div>
   <div class='ocr_carea' id='block_1_8' title="bbox 220 4509 1501 4594">
    <p class='ocr_par' dir='ltr' id='par_1_8' title="bbox 220 4509 1501 4594">
     <span class='ocr_line' id='line_1_41' title="bbox 220 4509 1501 4594; baseline 0 -15"><span class='ocrx_word' id='word_1_402' title='bbox 220 4523 304 4592; x_wconf 69' lang='lat'><strong>(⁶2¹⁷)</strong></span> <span class='ocrx_word' id='word_1_403' title='bbox 327 4510 356 4572; x_wconf 80' lang='grc' dir='ltr'><strong>εἶ</strong></span> <span class='ocrx_word' id='word_1_404' title='bbox 376 4509 411 4573; x_wconf 72' lang='grc' dir='ltr'><strong>δὲ</strong></span> <span class='ocrx_word' id='word_1_405' title='bbox 433 4510 526 4592; x_wconf 75' lang='grc' dir='ltr'><strong><em>φήσει</em></strong></span> <span class='ocrx_word' id='word_1_406' title='bbox 549 4533 592 4581; x_wconf 74' lang='grc' dir='ltr'><strong>τις</strong></span> <span class='ocrx_word' id='word_1_407' title='bbox 615 4511 677 4574; x_wconf 68' lang='grc' dir='ltr'><strong>κτλ.</strong></span> <span class='ocrx_word' id='word_1_408' title='bbox 697 4527 733 4582; x_wconf 89' lang='lat' dir='ltr'><strong>ad</strong></span> <span class='ocrx_word' id='word_1_409' title='bbox 752 4527 912 4581; x_wconf 86' lang='lat' dir='ltr'><strong>Panaetium</strong></span> <span class='ocrx_word' id='word_1_410' title='bbox 931 4527 1019 4582; x_wconf 91' lang='lat' dir='ltr'><strong>solum</strong></span> <span class='ocrx_word' id='word_1_411' title='bbox 1037 4531 1101 4582; x_wconf 86' lang='lat' dir='ltr'><strong>eunt</strong></span> <span class='ocrx_word' id='word_1_412' title='bbox 1118 4525 1269 4594; x_wconf 83' lang='lat' dir='ltr'><strong>referenda,</strong></span> <span class='ocrx_word' id='word_1_413' title='bbox 1290 4524 1339 4578; x_wconf 89' lang='lat' dir='ltr'><strong>sed</strong></span> <span class='ocrx_word' id='word_1_414' title='bbox 1357 4525 1393 4579; x_wconf 84' lang='lat' dir='ltr'><strong>ad</strong></span> <span class='ocrx_word' id='word_1_415' title='bbox 1406 4543 1501 4579; x_wconf 88' lang='lat' dir='ltr'><strong>omnes</strong></span> 
     </span>
    </p>
   </div>
   <div class='ocr_carea' id='block_1_9' title="bbox 217 4600 1500 4762">
    <p class='ocr_par' dir='ltr' id='par_1_9' title="bbox 217 4600 1500 4762">
     <span class='ocr_line' id='line_1_42' title="bbox 218 4600 1500 4687; baseline 0.001 -21"><span class='ocrx_word' id='word_1_416' title='bbox 218 4613 337 4684; x_wconf 85' lang='lat' dir='ltr'><strong>reliquos</strong></span> <span class='ocrx_word' id='word_1_417' title='bbox 355 4614 544 4684; x_wconf 87' lang='lat' dir='ltr'><strong>philosophos.</strong></span> <span class='ocrx_word' id='word_1_418' title='bbox 568 4600 747 4684; x_wconf 66' lang='lat' dir='ltr'><strong>duadpoorg</strong></span> <span class='ocrx_word' id='word_1_419' title='bbox 775 4617 848 4672; x_wconf 89' lang='lat' dir='ltr'><strong>anim</strong></span> <span class='ocrx_word' id='word_1_420' title='bbox 880 4622 937 4672; x_wconf 84' lang='lat' dir='ltr'><strong>erat</strong></span> <span class='ocrx_word' id='word_1_421' title='bbox 969 4616 1125 4672; x_wconf 81' lang='lat' dir='ltr'><strong>Stoicorum</strong></span> <span class='ocrx_word' id='word_1_422' title='bbox 1152 4615 1274 4687; x_wconf 86' lang='lat' dir='ltr'><strong>propria.</strong></span> <span class='ocrx_word' id='word_1_423' title='bbox 1312 4613 1409 4684; x_wconf 85' lang='lat' dir='ltr'><strong>Itaque</strong></span> <span class='ocrx_word' id='word_1_424' title='bbox 1437 4631 1500 4668; x_wconf 86' lang='lat' dir='ltr'><strong>eum</strong></span> 
     </span>
     <span class='ocr_line' id='line_1_43' title="bbox 217 4684 1248 4762; baseline 0 -21"><span class='ocrx_word' id='word_1_425' title='bbox 217 4684 350 4742; x_wconf 80' lang='lat' dir='ltr'><strong>Panaetio</strong></span> <span class='ocrx_word' id='word_1_426' title='bbox 369 4686 414 4742; x_wconf 89' lang='lat' dir='ltr'><strong>hie</strong></span> <span class='ocrx_word' id='word_1_427' title='bbox 432 4703 554 4758; x_wconf 79' lang='lat' dir='ltr'><strong>pugnare</strong></span> <span class='ocrx_word' id='word_1_428' title='bbox 572 4686 755 4744; x_wconf 74' lang='lat' dir='ltr'><strong>Posidonium</strong></span> <span class='ocrx_word' id='word_1_429' title='bbox 775 4687 951 4745; x_wconf 82' lang='lat' dir='ltr'><strong>Sehmekalio</strong></span> <span class='ocrx_word' id='word_1_430' title='bbox 971 4705 1022 4762; x_wconf 87' lang='lat' dir='ltr'><strong>ago</strong></span> <span class='ocrx_word' id='word_1_431' title='bbox 1041 4707 1096 4746; x_wconf 85' lang='lat' dir='ltr'><strong>uon</strong></span> <span class='ocrx_word' id='word_1_432' title='bbox 1115 4687 1248 4745; x_wconf 85' lang='lat' dir='ltr'><strong>ooneedo.</strong></span> 
     </span>
    </p>
   </div>
   <div class='ocr_carea' id='block_1_10' title="bbox 0 0 1820 5144">
    <p class='ocr_par' dir='ltr' id='par_1_10' title="bbox 0 0 1820 5144">
     <span class='ocr_line' id='line_1_44' title="bbox 0 0 1820 5144; baseline 0 4"><span class='ocrx_word' id='word_1_433' title='bbox 0 0 1820 5144; x_wconf 95' lang='lat' dir='ltr'><strong> </strong></span> 
     </span>
    </p>
   </div>
  </div>
 </body>
</html>
