<?xml version="1.0" encoding="UTF-8"?>
<!DOCTYPE html PUBLIC "-//W3C//DTD XHTML 1.0 Transitional//EN"
    "http://www.w3.org/TR/xhtml1/DTD/xhtml1-transitional.dtd">
<html xmlns="http://www.w3.org/1999/xhtml" xml:lang="en" lang="en">
 <head>
  <title>
</title>
<meta http-equiv="Content-Type" content="text/html;charset=utf-8" />
  <meta name='ocr-system' content='tesseract 3.04.00' />
  <meta name='ocr-capabilities' content='ocr_page ocr_carea ocr_par ocr_line ocrx_word'/>
</head>
<body>
  <div class='ocr_page' id='page_1' title='image "./quaestionescleo00boergoog_0085.png"; bbox 0 0 3618 5164; ppageno 0'>
   <div class='ocr_carea' id='block_1_1' title="bbox 845 307 1066 372">
    <p class='ocr_par' dir='ltr' id='par_1_1' title="bbox 845 307 1066 372">
     <span class='ocr_line' id='line_1_1' title="bbox 845 307 1066 372; baseline 0.009 -19"><span class='ocrx_word' id='word_1_1' title='bbox 845 307 1066 372; x_wconf 75' lang='lat'><strong>..76-</strong></span> 
     </span>
    </p>
   </div>
   <div class='ocr_carea' id='block_1_2' title="bbox 283 491 1594 1764">
    <p class='ocr_par' dir='ltr' id='par_1_2' title="bbox 283 491 1594 1764">
     <span class='ocr_line' id='line_1_2' title="bbox 310 491 1591 592; baseline 0.004 -28"><span class='ocrx_word' id='word_1_2' title='bbox 310 498 459 582; x_wconf 84' lang='lat' dir='ltr'><strong>calculus,</strong></span> <span class='ocrx_word' id='word_1_3' title='bbox 481 500 544 585; x_wconf 88' lang='lat' dir='ltr'><strong>qui,</strong></span> <span class='ocrx_word' id='word_1_4' title='bbox 577 506 614 566; x_wconf 94' lang='lat' dir='ltr'><strong>ut</strong></span> <span class='ocrx_word' id='word_1_5' title='bbox 643 499 871 567; x_wconf 88' lang='lat' dir='ltr'><strong>domonstravit</strong></span> <span class='ocrx_word' id='word_1_6' title='bbox 892 491 1019 568; x_wconf 88' lang='lat' dir='ltr'><strong>Arnold</strong></span> <span class='ocrx_word' id='word_1_7' title='bbox 1047 507 1088 587; x_wconf 92' lang='lat' dir='ltr'><strong>(p.</strong></span> <span class='ocrx_word' id='word_1_8' title='bbox 1115 505 1236 592; x_wconf 63' lang='grc'><strong>14115),</strong></span> <span class='ocrx_word' id='word_1_9' title='bbox 1258 505 1431 589; x_wconf 85' lang='lat' dir='ltr'><strong>posteriore</strong></span> <span class='ocrx_word' id='word_1_10' title='bbox 1462 503 1591 569; x_wconf 84' lang='lat' dir='ltr'><strong>alterius</strong></span> 
     </span>
     <span class='ocr_line' id='line_1_3' title="bbox 310 604 1592 696; baseline 0.004 -24"><span class='ocrx_word' id='word_1_11' title='bbox 310 629 341 693; x_wconf 90' lang='lat' dir='ltr'><strong>p.</strong></span> <span class='ocrx_word' id='word_1_12' title='bbox 361 604 436 673; x_wconf 83' lang='lat' dir='ltr'><strong>chr.</strong></span> <span class='ocrx_word' id='word_1_13' title='bbox 454 605 572 672; x_wconf 89' lang='lat' dir='ltr'><strong>saeculi</strong></span> <span class='ocrx_word' id='word_1_14' title='bbox 591 606 722 673; x_wconf 88' lang='lat' dir='ltr'><strong>dimidio</strong></span> <span class='ocrx_word' id='word_1_15' title='bbox 740 613 829 674; x_wconf 84' lang='lat' dir='ltr'><strong>ortus</strong></span> <span class='ocrx_word' id='word_1_16' title='bbox 853 629 921 674; x_wconf 90' lang='lat' dir='ltr'><strong>esse</strong></span> <span class='ocrx_word' id='word_1_17' title='bbox 948 609 1074 675; x_wconf 84' lang='lat' dir='ltr'><strong>ridetur</strong></span> <span class='ocrx_word' id='word_1_18' title='bbox 1091 617 1186 696; x_wconf 91' lang='lat' dir='ltr'><strong>atque</strong></span> <span class='ocrx_word' id='word_1_19' title='bbox 1205 609 1391 677; x_wconf 86' lang='lat' dir='ltr'><strong>tribuendus</strong></span> <span class='ocrx_word' id='word_1_20' title='bbox 1414 615 1463 677; x_wconf 91' lang='lat' dir='ltr'><strong>est</strong></span> <span class='ocrx_word' id='word_1_21' title='bbox 1484 610 1592 695; x_wconf 88' lang='lat' dir='ltr'><strong>ignoto</strong></span> 
     </span>
     <span class='ocr_line' id='line_1_4' title="bbox 310 711 1588 803; baseline 0.004 -24"><span class='ocrx_word' id='word_1_22' title='bbox 310 712 390 780; x_wconf 91' lang='lat' dir='ltr'><strong>fonti</strong></span> <span class='ocrx_word' id='word_1_23' title='bbox 421 735 460 780; x_wconf 90' lang='lat' dir='ltr'><strong>ao</strong></span> <span class='ocrx_word' id='word_1_24' title='bbox 490 711 555 779; x_wconf 88' lang='lat' dir='ltr'><strong>fere</strong></span> <span class='ocrx_word' id='word_1_25' title='bbox 587 713 721 799; x_wconf 84' lang='lat' dir='ltr'><strong>aequali,</strong></span> <span class='ocrx_word' id='word_1_26' title='bbox 756 715 775 780; x_wconf 92' lang='lat' dir='ltr'><strong>i.</strong></span> <span class='ocrx_word' id='word_1_27' title='bbox 798 737 824 780; x_wconf 89' lang='lat' dir='ltr'><strong>e.</strong></span> <span class='ocrx_word' id='word_1_28' title='bbox 848 715 1034 800; x_wconf 90' lang='lat' dir='ltr'><strong>compendio</strong></span> <span class='ocrx_word' id='word_1_29' title='bbox 1058 718 1269 784; x_wconf 82' lang='lat' dir='ltr'><strong>astronomiae</strong></span> <span class='ocrx_word' id='word_1_30' title='bbox 1300 740 1363 803; x_wconf 92' lang='lat' dir='ltr'><strong>quo</strong></span> <span class='ocrx_word' id='word_1_31' title='bbox 1394 718 1503 784; x_wconf 90' lang='lat' dir='ltr'><strong>utitur.</strong></span> <span class='ocrx_word' id='word_1_32' title='bbox 1543 717 1588 784; x_wconf 75' lang='lat' dir='ltr'><strong>td</strong></span> 
     </span>
     <span class='ocr_line' id='line_1_5' title="bbox 313 819 1593 908; baseline 0.003 -22"><span class='ocrx_word' id='word_1_33' title='bbox 313 842 377 888; x_wconf 95' lang='lat' dir='ltr'><strong>non</strong></span> <span class='ocrx_word' id='word_1_34' title='bbox 389 819 526 887; x_wconf 87' lang='lat' dir='ltr'><strong>multum</strong></span> <span class='ocrx_word' id='word_1_35' title='bbox 543 827 619 888; x_wconf 88' lang='lat' dir='ltr'><strong>ante</strong></span> <span class='ocrx_word' id='word_1_36' title='bbox 640 820 842 889; x_wconf 78' lang='lat' dir='ltr'><strong>Cleomedem</strong></span> <span class='ocrx_word' id='word_1_37' title='bbox 861 823 1007 907; x_wconf 88' lang='lat' dir='ltr'><strong>componi</strong></span> <span class='ocrx_word' id='word_1_38' title='bbox 1023 825 1163 908; x_wconf 89' lang='lat' dir='ltr'><strong>potuisse</strong></span> <span class='ocrx_word' id='word_1_39' title='bbox 1178 824 1229 891; x_wconf 90' lang='lat' dir='ltr'><strong>vel</strong></span> <span class='ocrx_word' id='word_1_40' title='bbox 1246 824 1321 890; x_wconf 89' lang='lat' dir='ltr'><strong>inde</strong></span> <span class='ocrx_word' id='word_1_41' title='bbox 1339 829 1387 891; x_wconf 89' lang='lat' dir='ltr'><strong>est</strong></span> <span class='ocrx_word' id='word_1_42' title='bbox 1404 824 1593 907; x_wconf 90' lang='lat' dir='ltr'><strong>verisimile,</strong></span> 
     </span>
     <span class='ocr_line' id='line_1_6' title="bbox 311 926 1592 1018; baseline 0.002 -23"><span class='ocrx_word' id='word_1_43' title='bbox 311 926 397 1014; x_wconf 89' lang='lat' dir='ltr'><strong>quod</strong></span> <span class='ocrx_word' id='word_1_44' title='bbox 419 949 454 993; x_wconf 89' lang='lat' dir='ltr'><strong>re</strong></span> <span class='ocrx_word' id='word_1_45' title='bbox 476 949 551 994; x_wconf 88' lang='lat' dir='ltr'><strong>vera</strong></span> <span class='ocrx_word' id='word_1_46' title='bbox 573 927 712 996; x_wconf 88' lang='lat' dir='ltr'><strong>seeundo</strong></span> <span class='ocrx_word' id='word_1_47' title='bbox 734 951 766 1015; x_wconf 90' lang='lat' dir='ltr'><strong>p.</strong></span> <span class='ocrx_word' id='word_1_48' title='bbox 790 927 864 996; x_wconf 79' lang='lat' dir='ltr'><strong>cnr.</strong></span> <span class='ocrx_word' id='word_1_49' title='bbox 887 952 918 994; x_wconf 92' lang='lat' dir='ltr'><strong>n.</strong></span> <span class='ocrx_word' id='word_1_50' title='bbox 942 930 1068 998; x_wconf 88' lang='lat' dir='ltr'><strong>saeculo</strong></span> <span class='ocrx_word' id='word_1_51' title='bbox 1092 930 1192 999; x_wconf 79' lang='lat' dir='ltr'>Stoici</span> <span class='ocrx_word' id='word_1_52' title='bbox 1222 930 1381 999; x_wconf 87' lang='lat' dir='ltr'><strong>florebant</strong></span> <span class='ocrx_word' id='word_1_53' title='bbox 1412 929 1592 1018; x_wconf 85' lang='lat' dir='ltr'><strong>philosophi</strong></span> 
     </span>
     <span class='ocr_line' id='line_1_7' title="bbox 311 1033 1592 1123; baseline 0.002 -22"><span class='ocrx_word' id='word_1_54' title='bbox 311 1039 391 1102; x_wconf 84' lang='lat' dir='ltr'><strong>testo</strong></span> <span class='ocrx_word' id='word_1_55' title='bbox 421 1033 547 1103; x_wconf 80' lang='lat' dir='ltr'><strong>Galeno</strong></span> <span class='ocrx_word' id='word_1_56' title='bbox 575 1035 625 1122; x_wconf 80' lang='lat' dir='ltr'><strong>(of.</strong></span> <span class='ocrx_word' id='word_1_57' title='bbox 643 1057 741 1121; x_wconf 88' lang='lat' dir='ltr'><strong>supra</strong></span> <span class='ocrx_word' id='word_1_58' title='bbox 758 1058 789 1122; x_wconf 91' lang='lat' dir='ltr'><strong>p.</strong></span> <span class='ocrx_word' id='word_1_59' title='bbox 808 1037 872 1120; x_wconf 72' lang='lat'><strong>37).</strong></span> <span class='ocrx_word' id='word_1_60' title='bbox 917 1036 1006 1122; x_wconf 82' lang='lat' dir='ltr'><strong>Ergo</strong></span> <span class='ocrx_word' id='word_1_61' title='bbox 1028 1038 1114 1123; x_wconf 91' lang='lat' dir='ltr'><strong>quod</strong></span> <span class='ocrx_word' id='word_1_62' title='bbox 1134 1039 1313 1107; x_wconf 84' lang='lat' dir='ltr'><strong>Oleomedis</strong></span> <span class='ocrx_word' id='word_1_63' title='bbox 1331 1038 1412 1106; x_wconf 87' lang='lat' dir='ltr'><strong>libro</strong></span> <span class='ocrx_word' id='word_1_64' title='bbox 1430 1036 1592 1105; x_wconf 85' lang='lat' dir='ltr'><strong>continen-</strong></span> 
     </span>
     <span class='ocr_line' id='line_1_8' title="bbox 311 1142 1592 1233; baseline 0.003 -24"><span class='ocrx_word' id='word_1_65' title='bbox 311 1147 363 1209; x_wconf 91' lang='lat' dir='ltr'><strong>tur</strong></span> <span class='ocrx_word' id='word_1_66' title='bbox 384 1147 418 1209; x_wconf 90' lang='lat' dir='ltr'><strong>et</strong></span> <span class='ocrx_word' id='word_1_67' title='bbox 438 1148 545 1229; x_wconf 86' lang='lat' dir='ltr'><strong>partes</strong></span> <span class='ocrx_word' id='word_1_68' title='bbox 568 1144 727 1228; x_wconf 79' lang='lat' dir='ltr'><strong>antiquae,</strong></span> <span class='ocrx_word' id='word_1_69' title='bbox 757 1142 845 1209; x_wconf 93' lang='lat' dir='ltr'><strong>velut</strong></span> <span class='ocrx_word' id='word_1_70' title='bbox 867 1143 1039 1229; x_wconf 85' lang='lat' dir='ltr'><strong>dispositio,</strong></span> <span class='ocrx_word' id='word_1_71' title='bbox 1069 1151 1103 1211; x_wconf 92' lang='lat' dir='ltr'><strong>et</strong></span> <span class='ocrx_word' id='word_1_72' title='bbox 1123 1153 1231 1233; x_wconf 89' lang='lat' dir='ltr'><strong>partes</strong></span> <span class='ocrx_word' id='word_1_73' title='bbox 1253 1168 1363 1229; x_wconf 83' lang='lat' dir='ltr'><strong>norae,</strong></span> <span class='ocrx_word' id='word_1_74' title='bbox 1394 1153 1431 1213; x_wconf 94' lang='lat' dir='ltr'><strong>ut</strong></span> <span class='ocrx_word' id='word_1_75' title='bbox 1453 1145 1506 1212; x_wconf 92' lang='lat' dir='ltr'><strong>ille</strong></span> <span class='ocrx_word' id='word_1_76' title='bbox 1529 1146 1592 1213; x_wconf 84' lang='lat' dir='ltr'><strong>cal·</strong></span> 
     </span>
     <span class='ocr_line' id='line_1_9' title="bbox 314 1249 1594 1340; baseline 0.004 -24"><span class='ocrx_word' id='word_1_77' title='bbox 314 1249 413 1332; x_wconf 88' lang='lat' dir='ltr'><strong>culus,</strong></span> <span class='ocrx_word' id='word_1_78' title='bbox 436 1250 578 1336; x_wconf 90' lang='lat' dir='ltr'><strong>suspicor</strong></span> <span class='ocrx_word' id='word_1_79' title='bbox 596 1249 773 1317; x_wconf 84' lang='lat' dir='ltr'><strong>doctrinam</strong></span> <span class='ocrx_word' id='word_1_80' title='bbox 788 1249 1036 1318; x_wconf 89' lang='lat' dir='ltr'><strong>Posidonianam</strong></span> <span class='ocrx_word' id='word_1_81' title='bbox 1058 1274 1123 1319; x_wconf 90' lang='lat' dir='ltr'><strong>non</strong></span> <span class='ocrx_word' id='word_1_82' title='bbox 1145 1275 1323 1340; x_wconf 90' lang='lat' dir='ltr'><strong>perunum</strong></span> <span class='ocrx_word' id='word_1_83' title='bbox 1345 1253 1401 1320; x_wconf 90' lang='lat' dir='ltr'><strong>sed</strong></span> <span class='ocrx_word' id='word_1_84' title='bbox 1423 1275 1480 1339; x_wconf 92' lang='lat' dir='ltr'><strong>per</strong></span> <span class='ocrx_word' id='word_1_85' title='bbox 1501 1253 1594 1340; x_wconf 87' lang='lat' dir='ltr'><strong>plura</strong></span> 
     </span>
     <span class='ocr_line' id='line_1_10' title="bbox 314 1357 1593 1447; baseline 0.002 -23"><span class='ocrx_word' id='word_1_86' title='bbox 314 1357 511 1442; x_wconf 88' lang='lat' dir='ltr'><strong>compendia,</strong></span> <span class='ocrx_word' id='word_1_87' title='bbox 543 1378 678 1442; x_wconf 89' lang='lat' dir='ltr'><strong>quorum</strong></span> <span class='ocrx_word' id='word_1_88' title='bbox 709 1380 808 1425; x_wconf 90' lang='lat' dir='ltr'><strong>unum</strong></span> <span class='ocrx_word' id='word_1_89' title='bbox 840 1379 880 1423; x_wconf 85' lang='lat' dir='ltr'><strong>ex</strong></span> <span class='ocrx_word' id='word_1_90' title='bbox 912 1357 1011 1425; x_wconf 85' lang='lat' dir='ltr'><strong>altero</strong></span> <span class='ocrx_word' id='word_1_91' title='bbox 1043 1366 1092 1426; x_wconf 89' lang='lat' dir='ltr'><strong>est</strong></span> <span class='ocrx_word' id='word_1_92' title='bbox 1123 1360 1308 1444; x_wconf 86' lang='lat' dir='ltr'><strong>derivatum,</strong></span> <span class='ocrx_word' id='word_1_93' title='bbox 1344 1361 1523 1447; x_wconf 88' lang='lat' dir='ltr'><strong>pervenisse</strong></span> <span class='ocrx_word' id='word_1_94' title='bbox 1551 1360 1593 1426; x_wconf 84' lang='lat' dir='ltr'><strong>ad</strong></span> 
     </span>
     <span class='ocr_line' id='line_1_11' title="bbox 283 1462 1590 1551; baseline 0.001 -19"><span class='ocrx_word' id='word_1_95' title='bbox 283 1462 523 1551; x_wconf 65' lang='lat' dir='ltr'><strong>,Cleomedem</strong></span> <span class='ocrx_word' id='word_1_96' title='bbox 568 1463 646 1532; x_wconf 91' lang='lat' dir='ltr'><strong>Noli</strong></span> <span class='ocrx_word' id='word_1_97' title='bbox 668 1464 810 1532; x_wconf 89' lang='lat' dir='ltr'><strong>oblivisci</strong></span> <span class='ocrx_word' id='word_1_98' title='bbox 832 1465 916 1532; x_wconf 92' lang='lat' dir='ltr'><strong>inter</strong></span> <span class='ocrx_word' id='word_1_99' title='bbox 933 1464 1140 1534; x_wconf 85' lang='lat' dir='ltr'><strong>Posidonium</strong></span> <span class='ocrx_word' id='word_1_100' title='bbox 1158 1473 1192 1534; x_wconf 93' lang='lat' dir='ltr'><strong>et</strong></span> <span class='ocrx_word' id='word_1_101' title='bbox 1210 1466 1413 1536; x_wconf 73' lang='lat' dir='ltr'><strong>cleomemm</strong></span> <span class='ocrx_word' id='word_1_102' title='bbox 1435 1488 1504 1533; x_wconf 87' lang='lat' dir='ltr'><strong>esse</strong></span> <span class='ocrx_word' id='word_1_103' title='bbox 1526 1467 1590 1542; x_wconf 86' lang='lat' dir='ltr'><strong>fere</strong></span> 
     </span>
     <span class='ocr_line' id='line_1_12' title="bbox 312 1557 1591 1660; baseline 0.002 -21"><span class='ocrx_word' id='word_1_104' title='bbox 312 1570 464 1639; x_wconf 89' lang='lat' dir='ltr'><strong>ducentos</strong></span> <span class='ocrx_word' id='word_1_105' title='bbox 482 1573 714 1658; x_wconf 84' lang='lat' dir='ltr'><strong>quinquaginta</strong></span> <span class='ocrx_word' id='word_1_106' title='bbox 732 1594 841 1656; x_wconf 91' lang='lat' dir='ltr'><strong>annos,</strong></span> <span class='ocrx_word' id='word_1_107' title='bbox 864 1574 949 1640; x_wconf 91' lang='lat' dir='ltr'><strong>intra</strong></span> <span class='ocrx_word' id='word_1_108' title='bbox 967 1595 1046 1660; x_wconf 89' lang='lat' dir='ltr'><strong>quos</strong></span> <span class='ocrx_word' id='word_1_109' title='bbox 1064 1575 1239 1641; x_wconf 84' lang='lat' dir='ltr'><strong>sententias</strong></span> <span class='ocrx_word' id='word_1_110' title='bbox 1253 1575 1346 1643; x_wconf 90' lang='lat' dir='ltr'><strong>valde</strong></span> <span class='ocrx_word' id='word_1_111' title='bbox 1363 1575 1481 1642; x_wconf 88' lang='lat' dir='ltr'><strong>mutari</strong></span> <span class='ocrx_word' id='word_1_112' title='bbox 1498 1557 1591 1660; x_wconf 83' lang='lat' dir='ltr'><strong>posse</strong></span> 
     </span>
     <span class='ocr_line' id='line_1_13' title="bbox 311 1679 561 1764; baseline 0.004 -19"><span class='ocrx_word' id='word_1_113' title='bbox 311 1700 404 1746; x_wconf 91' lang='lat' dir='ltr'><strong>nemo</strong></span> <span class='ocrx_word' id='word_1_114' title='bbox 427 1679 561 1764; x_wconf 85' lang='lat' dir='ltr'><strong>ignorat</strong></span> 
     </span>
    </p>
   </div>
   <div class='ocr_carea' id='block_1_3' title="bbox 311 1803 1592 2866">
    <p class='ocr_par' dir='ltr' id='par_1_3' title="bbox 311 1803 1592 2866">
     <span class='ocr_line' id='line_1_14' title="bbox 400 1803 1590 1892; baseline 0.002 -21"><span class='ocrx_word' id='word_1_115' title='bbox 400 1803 549 1891; x_wconf 92' lang='lat' dir='ltr'><strong>Denique</strong></span> <span class='ocrx_word' id='word_1_116' title='bbox 570 1804 635 1871; x_wconf 87' lang='lat' dir='ltr'><strong>iarn</strong></span> <span class='ocrx_word' id='word_1_117' title='bbox 656 1826 762 1892; x_wconf 88' lang='lat' dir='ltr'><strong>pauca</strong></span> <span class='ocrx_word' id='word_1_118' title='bbox 783 1805 975 1872; x_wconf 88' lang='lat' dir='ltr'><strong>disseramus</strong></span> <span class='ocrx_word' id='word_1_119' title='bbox 998 1805 1038 1872; x_wconf 91' lang='lat' dir='ltr'><strong>de</strong></span> <span class='ocrx_word' id='word_1_120' title='bbox 1057 1807 1169 1890; x_wconf 87' lang='lat' dir='ltr'><strong>verbis,</strong></span> <span class='ocrx_word' id='word_1_121' title='bbox 1190 1806 1307 1892; x_wconf 91' lang='lat' dir='ltr'><strong>quibus</strong></span> <span class='ocrx_word' id='word_1_122' title='bbox 1327 1806 1438 1874; x_wconf 89' lang='lat' dir='ltr'><strong>finitur</strong></span> <span class='ocrx_word' id='word_1_123' title='bbox 1459 1812 1590 1892; x_wconf 92' lang='lat' dir='ltr'><strong>uterque</strong></span> 
     </span>
     <span class='ocr_line' id='line_1_15' title="bbox 313 1911 1590 2000; baseline -0.001 -19"><span class='ocrx_word' id='word_1_124' title='bbox 313 1911 491 1981; x_wconf 85' lang='lat' dir='ltr'><strong>Oleomedis</strong></span> <span class='ocrx_word' id='word_1_125' title='bbox 508 1911 589 1979; x_wconf 90' lang='lat' dir='ltr'><strong>liber</strong></span> <span class='ocrx_word' id='word_1_126' title='bbox 606 1912 655 1998; x_wconf 81' lang='lat' dir='ltr'><strong>(oi</strong></span> <span class='ocrx_word' id='word_1_127' title='bbox 671 1934 769 2000; x_wconf 88' lang='lat' dir='ltr'><strong>supra</strong></span> <span class='ocrx_word' id='word_1_128' title='bbox 785 1936 816 1998; x_wconf 90' lang='lat' dir='ltr'><strong>p.</strong></span> <span class='ocrx_word' id='word_1_129' title='bbox 838 1914 988 1997; x_wconf 86' lang='grc'>12-14).</span> <span class='ocrx_word' id='word_1_130' title='bbox 1036 1914 1118 1983; x_wconf 81' lang='lat' dir='ltr'><strong>Cum</strong></span> <span class='ocrx_word' id='word_1_131' title='bbox 1136 1913 1309 1997; x_wconf 89' lang='lat' dir='ltr'><strong>Posidonii,</strong></span> <span class='ocrx_word' id='word_1_132' title='bbox 1330 1915 1439 2000; x_wconf 87' lang='lat' dir='ltr'><strong>itaque</strong></span> <span class='ocrx_word' id='word_1_133' title='bbox 1457 1913 1590 1981; x_wconf 88' lang='lat' dir='ltr'><strong>aliorum</strong></span> 
     </span>
     <span class='ocr_line' id='line_1_16' title="bbox 311 2019 1592 2109; baseline 0.001 -23"><span class='ocrx_word' id='word_1_134' title='bbox 311 2039 436 2105; x_wconf 89' lang='lat' dir='ltr'><strong>quoque</strong></span> <span class='ocrx_word' id='word_1_135' title='bbox 458 2041 538 2105; x_wconf 85' lang='lat' dir='ltr'><strong>quos</strong></span> <span class='ocrx_word' id='word_1_136' title='bbox 563 2020 641 2087; x_wconf 87' lang='lat' dir='ltr'><strong>citat</strong></span> <span class='ocrx_word' id='word_1_137' title='bbox 663 2021 852 2107; x_wconf 89' lang='lat' dir='ltr'><strong>scriptorum</strong></span> <span class='ocrx_word' id='word_1_138' title='bbox 874 2019 971 2087; x_wconf 90' lang='lat' dir='ltr'><strong>libros</strong></span> <span class='ocrx_word' id='word_1_139' title='bbox 993 2020 1080 2087; x_wconf 92' lang='lat' dir='ltr'><strong>velut</strong></span> <span class='ocrx_word' id='word_1_140' title='bbox 1102 2021 1207 2104; x_wconf 87' lang='lat' dir='ltr'><strong>Arati,</strong></span> <span class='ocrx_word' id='word_1_141' title='bbox 1225 2019 1409 2088; x_wconf 87' lang='lat' dir='ltr'><strong>Aristotelis</strong></span> <span class='ocrx_word' id='word_1_142' title='bbox 1427 2021 1476 2107; x_wconf 90' lang='lat' dir='ltr'><strong>(of.</strong></span> <span class='ocrx_word' id='word_1_143' title='bbox 1495 2043 1592 2109; x_wconf 85' lang='lat' dir='ltr'><strong>supra</strong></span> 
     </span>
     <span class='ocr_line' id='line_1_17' title="bbox 311 2126 1591 2215; baseline 0.002 -23"><span class='ocrx_word' id='word_1_144' title='bbox 311 2149 342 2212; x_wconf 90' lang='lat' dir='ltr'><strong>p.</strong></span> <span class='ocrx_word' id='word_1_145' title='bbox 375 2129 416 2193; x_wconf 79' lang='lat'><strong>27</strong></span> <span class='ocrx_word' id='word_1_146' title='bbox 457 2127 544 2213; x_wconf 81' lang='lat' dir='ltr'><strong>sqq),</strong></span> <span class='ocrx_word' id='word_1_147' title='bbox 581 2126 719 2209; x_wconf 91' lang='lat' dir='ltr'><strong>Berossi,</strong></span> <span class='ocrx_word' id='word_1_148' title='bbox 751 2127 893 2214; x_wconf 82' lang='lat' dir='ltr'><strong>Epicuri,</strong></span> <span class='ocrx_word' id='word_1_149' title='bbox 929 2127 1160 2211; x_wconf 74' lang='lat' dir='ltr'><strong>Eratosthenis,</strong></span> <span class='ocrx_word' id='word_1_150' title='bbox 1194 2128 1361 2211; x_wconf 81' lang='lat' dir='ltr'><strong>Heracliti,</strong></span> <span class='ocrx_word' id='word_1_151' title='bbox 1402 2127 1591 2215; x_wconf 83' lang='lat' dir='ltr'><strong>Hipparchi,</strong></span> 
     </span>
     <span class='ocr_line' id='line_1_18' title="bbox 311 2231 1591 2322; baseline 0.001 -22"><span class='ocrx_word' id='word_1_152' title='bbox 311 2231 455 2318; x_wconf 82' lang='lat' dir='ltr'><strong>Homeri,</strong></span> <span class='ocrx_word' id='word_1_153' title='bbox 486 2233 698 2322; x_wconf 85' lang='lat' dir='ltr'><strong>Pythagorae,</strong></span> <span class='ocrx_word' id='word_1_154' title='bbox 731 2235 874 2322; x_wconf 82' lang='lat' dir='ltr'><strong>Pytheaa</strong></span> <span class='ocrx_word' id='word_1_155' title='bbox 896 2257 960 2302; x_wconf 90' lang='lat' dir='ltr'><strong>non</strong></span> <span class='ocrx_word' id='word_1_156' title='bbox 983 2235 1153 2322; x_wconf 79' lang='lat' dir='ltr'><strong>perlegisse</strong></span> <span class='ocrx_word' id='word_1_157' title='bbox 1177 2235 1389 2322; x_wconf 70' lang='lat' dir='ltr'><strong>Cleomedon,</strong></span> <span class='ocrx_word' id='word_1_158' title='bbox 1419 2234 1476 2302; x_wconf 90' lang='lat' dir='ltr'><strong>sed</strong></span> <span class='ocrx_word' id='word_1_159' title='bbox 1498 2257 1591 2302; x_wconf 92' lang='lat' dir='ltr'><strong>usum</strong></span> 
     </span>
     <span class='ocr_line' id='line_1_19' title="bbox 312 2341 1590 2428; baseline 0.002 -22"><span class='ocrx_word' id='word_1_160' title='bbox 312 2362 382 2408; x_wconf 87' lang='lat' dir='ltr'><strong>esse</strong></span> <span class='ocrx_word' id='word_1_161' title='bbox 414 2341 601 2428; x_wconf 87' lang='lat' dir='ltr'><strong>compendio</strong></span> <span class='ocrx_word' id='word_1_162' title='bbox 633 2342 835 2426; x_wconf 85' lang='lat' dir='ltr'><strong>affirmemus,</strong></span> <span class='ocrx_word' id='word_1_163' title='bbox 867 2364 907 2409; x_wconf 92' lang='lat' dir='ltr'><strong>ne</strong></span> <span class='ocrx_word' id='word_1_164' title='bbox 939 2343 1052 2410; x_wconf 89' lang='lat' dir='ltr'><strong>ultima</strong></span> <span class='ocrx_word' id='word_1_165' title='bbox 1078 2343 1207 2428; x_wconf 88' lang='lat' dir='ltr'><strong>quidem</strong></span> <span class='ocrx_word' id='word_1_166' title='bbox 1233 2341 1313 2409; x_wconf 88' lang='lat' dir='ltr'><strong>haec</strong></span> <span class='ocrx_word' id='word_1_167' title='bbox 1334 2343 1498 2428; x_wconf 84' lang='lat' dir='ltr'><strong>utriusque</strong></span> <span class='ocrx_word' id='word_1_168' title='bbox 1519 2341 1590 2408; x_wconf 91' lang='lat' dir='ltr'><strong>libri</strong></span> 
     </span>
     <span class='ocr_line' id='line_1_20' title="bbox 313 2447 1590 2535; baseline 0 -19"><span class='ocrx_word' id='word_1_169' title='bbox 313 2448 409 2516; x_wconf 90' lang='lat' dir='ltr'><strong>verba</strong></span> <span class='ocrx_word' id='word_1_170' title='bbox 430 2449 493 2535; x_wconf 92' lang='lat' dir='ltr'><strong>ipsi</strong></span> <span class='ocrx_word' id='word_1_171' title='bbox 509 2447 673 2519; x_wconf 82' lang='lat' dir='ltr'><strong>(lleomedi</strong></span> <span class='ocrx_word' id='word_1_172' title='bbox 695 2471 764 2517; x_wconf 90' lang='lat' dir='ltr'><strong>esse</strong></span> <span class='ocrx_word' id='word_1_173' title='bbox 787 2448 965 2533; x_wconf 89' lang='lat' dir='ltr'><strong>tribuenda,</strong></span> <span class='ocrx_word' id='word_1_174' title='bbox 988 2452 1049 2517; x_wconf 91' lang='lat' dir='ltr'><strong>nisi</strong></span> <span class='ocrx_word' id='word_1_175' title='bbox 1071 2450 1151 2517; x_wconf 84' lang='lat' dir='ltr'><strong>forte</strong></span> <span class='ocrx_word' id='word_1_176' title='bbox 1174 2449 1215 2517; x_wconf 86' lang='lat' dir='ltr'><strong>ab</strong></span> <span class='ocrx_word' id='word_1_177' title='bbox 1237 2450 1292 2517; x_wconf 93' lang='lat' dir='ltr'><strong>illo</strong></span> <span class='ocrx_word' id='word_1_178' title='bbox 1315 2454 1390 2516; x_wconf 94' lang='lat' dir='ltr'><strong>sunt</strong></span> <span class='ocrx_word' id='word_1_179' title='bbox 1411 2448 1496 2532; x_wconf 86' lang='lat' dir='ltr'><strong>ficte,</strong></span> <span class='ocrx_word' id='word_1_180' title='bbox 1517 2471 1590 2516; x_wconf 89' lang='lat' dir='ltr'><strong>oon-</strong></span> 
     </span>
     <span class='ocr_line' id='line_1_21' title="bbox 311 2555 1590 2643; baseline -0.001 -19"><span class='ocrx_word' id='word_1_181' title='bbox 311 2555 481 2639; x_wconf 87' lang='lat' dir='ltr'><strong>oludimus,</strong></span> <span class='ocrx_word' id='word_1_182' title='bbox 513 2555 570 2624; x_wconf 82' lang='lat' dir='ltr'><strong>sed</strong></span> <span class='ocrx_word' id='word_1_183' title='bbox 602 2578 641 2624; x_wconf 86' lang='lat' dir='ltr'><strong>ox</strong></span> <span class='ocrx_word' id='word_1_184' title='bbox 672 2557 802 2624; x_wconf 91' lang='lat' dir='ltr'><strong>eodem</strong></span> <span class='ocrx_word' id='word_1_185' title='bbox 833 2557 939 2625; x_wconf 89' lang='lat' dir='ltr'><strong>fonte</strong></span> <span class='ocrx_word' id='word_1_186' title='bbox 970 2558 1164 2643; x_wconf 87' lang='lat' dir='ltr'><strong>exscripta</strong></span> <span class='ocrx_word' id='word_1_187' title='bbox 1195 2579 1278 2624; x_wconf 88' lang='lat' dir='ltr'><strong>esse</strong></span> <span class='ocrx_word' id='word_1_188' title='bbox 1309 2563 1423 2643; x_wconf 90' lang='lat' dir='ltr'><strong>atque</strong></span> <span class='ocrx_word' id='word_1_189' title='bbox 1454 2561 1590 2624; x_wconf 78' lang='lat' dir='ltr'><strong>cetera</strong></span> 
     </span>
     <span class='ocr_line' id='line_1_22' title="bbox 311 2662 1590 2752; baseline -0.002 -20"><span class='ocrx_word' id='word_1_190' title='bbox 311 2662 407 2732; x_wconf 90' lang='lat' dir='ltr'><strong>Unde</strong></span> <span class='ocrx_word' id='word_1_191' title='bbox 430 2665 515 2731; x_wconf 92' lang='lat' dir='ltr'><strong>enim</strong></span> <span class='ocrx_word' id='word_1_192' title='bbox 537 2686 726 2750; x_wconf 78' lang='lat' dir='ltr'><strong>cognoscere</strong></span> <span class='ocrx_word' id='word_1_193' title='bbox 749 2666 854 2752; x_wconf 92' lang='lat' dir='ltr'><strong>potuit</strong></span> <span class='ocrx_word' id='word_1_194' title='bbox 875 2667 1106 2733; x_wconf 85' lang='lat' dir='ltr'><strong>astronomicae</strong></span> <span class='ocrx_word' id='word_1_195' title='bbox 1129 2686 1205 2731; x_wconf 89' lang='lat' dir='ltr'><strong>suae</strong></span> <span class='ocrx_word' id='word_1_196' title='bbox 1233 2664 1396 2732; x_wconf 86' lang='lat' dir='ltr'><strong>doetrinae</strong></span> <span class='ocrx_word' id='word_1_197' title='bbox 1418 2664 1590 2731; x_wconf 88' lang='lat' dir='ltr'><strong>maximam</strong></span> 
     </span>
     <span class='ocr_line' id='line_1_23' title="bbox 311 2769 1113 2866; baseline -0.001 -28"><span class='ocrx_word' id='word_1_198' title='bbox 311 2770 598 2866; x_wconf 86' lang='lat' dir='ltr'><strong>partempendere</strong></span> <span class='ocrx_word' id='word_1_199' title='bbox 621 2795 661 2839; x_wconf 89' lang='lat' dir='ltr'><strong>ex</strong></span> <span class='ocrx_word' id='word_1_200' title='bbox 682 2772 870 2860; x_wconf 89' lang='lat' dir='ltr'><strong>philosopho</strong></span> <span class='ocrx_word' id='word_1_201' title='bbox 893 2769 1113 2858; x_wconf 80' lang='lat' dir='ltr'><strong>Apameensi?</strong></span> 
     </span>
    </p>
   </div>
   <div class='ocr_carea' id='block_1_4' title="bbox 220 2913 1601 4726">
    <p class='ocr_par' dir='ltr' id='par_1_4' title="bbox 220 2913 1601 4726">
     <span class='ocr_line' id='line_1_24' title="bbox 377 2913 1591 3002; baseline 0.004 -27"><span class='ocrx_word' id='word_1_202' title='bbox 377 2971 379 2975; x_wconf 81' lang='grc'>,</span> <span class='ocrx_word' id='word_1_203' title='bbox 400 2913 478 2982; x_wconf 88' lang='lat' dir='ltr'><strong>Mea</strong></span> <span class='ocrx_word' id='word_1_204' title='bbox 499 2914 718 3002; x_wconf 90' lang='lat' dir='ltr'><strong>disquisitione</strong></span> <span class='ocrx_word' id='word_1_205' title='bbox 742 2916 902 2984; x_wconf 87' lang='lat' dir='ltr'><strong>sublatum</strong></span> <span class='ocrx_word' id='word_1_206' title='bbox 920 2915 970 2983; x_wconf 90' lang='lat' dir='ltr'><strong>vel</strong></span> <span class='ocrx_word' id='word_1_207' title='bbox 988 2914 1173 2983; x_wconf 89' lang='lat' dir='ltr'><strong>convulsum</strong></span> <span class='ocrx_word' id='word_1_208' title='bbox 1192 2937 1261 2982; x_wconf 91' lang='lat' dir='ltr'><strong>esse</strong></span> <span class='ocrx_word' id='word_1_209' title='bbox 1278 2913 1529 2997; x_wconf 87' lang='lat' dir='ltr'><strong>fundamentum,</strong></span> <span class='ocrx_word' id='word_1_210' title='bbox 1551 2936 1591 2980; x_wconf 86' lang='lat' dir='ltr'><strong>ex</strong></span> 
     </span>
     <span class='ocr_line' id='line_1_25' title="bbox 310 3020 1592 3110; baseline -0.002 -20"><span class='ocrx_word' id='word_1_211' title='bbox 310 3043 373 3108; x_wconf 91' lang='lat' dir='ltr'><strong>quo</strong></span> <span class='ocrx_word' id='word_1_212' title='bbox 395 3023 451 3106; x_wconf 87' lang='lat' dir='ltr'><strong>eis,</strong></span> <span class='ocrx_word' id='word_1_213' title='bbox 480 3024 535 3109; x_wconf 90' lang='lat' dir='ltr'><strong>qui</strong></span> <span class='ocrx_word' id='word_1_214' title='bbox 557 3023 704 3110; x_wconf 77' lang='lat' dir='ltr'><strong>colligere</strong></span> <span class='ocrx_word' id='word_1_215' title='bbox 727 3022 891 3092; x_wconf 88' lang='lat' dir='ltr'><strong>studerent</strong></span> <span class='ocrx_word' id='word_1_216' title='bbox 912 3023 1077 3091; x_wconf 88' lang='lat' dir='ltr'><strong>Posidonii</strong></span> <span class='ocrx_word' id='word_1_217' title='bbox 1102 3022 1288 3108; x_wconf 79' lang='lat' dir='ltr'><strong>fragmenta,</strong></span> <span class='ocrx_word' id='word_1_218' title='bbox 1311 3020 1445 3089; x_wconf 88' lang='lat' dir='ltr'><strong>Martini</strong></span> <span class='ocrx_word' id='word_1_219' title='bbox 1468 3021 1592 3089; x_wconf 90' lang='lat' dir='ltr'><strong>censuit</strong></span> 
     </span>
     <span class='ocr_line' id='line_1_26' title="bbox 311 3129 1589 3218; baseline -0.002 -20"><span class='ocrx_word' id='word_1_220' title='bbox 311 3152 379 3198; x_wconf 88' lang='lat' dir='ltr'><strong>esse</strong></span> <span class='ocrx_word' id='word_1_221' title='bbox 410 3130 682 3218; x_wconf 88' lang='lat' dir='ltr'><strong>proficiscendum,</strong></span> <span class='ocrx_word' id='word_1_222' title='bbox 713 3131 794 3199; x_wconf 89' lang='lat' dir='ltr'><strong>bene</strong></span> <span class='ocrx_word' id='word_1_223' title='bbox 827 3133 901 3199; x_wconf 88' lang='lat' dir='ltr'><strong>scio.</strong></span> <span class='ocrx_word' id='word_1_224' title='bbox 945 3130 1033 3198; x_wconf 89' lang='lat' dir='ltr'><strong>Nam</strong></span> <span class='ocrx_word' id='word_1_225' title='bbox 1065 3152 1137 3198; x_wconf 90' lang='lat' dir='ltr'><strong>oum</strong></span> <span class='ocrx_word' id='word_1_226' title='bbox 1168 3131 1203 3196; x_wconf 90' lang='lat' dir='ltr'><strong>in</strong></span> <span class='ocrx_word' id='word_1_227' title='bbox 1229 3129 1341 3204; x_wconf 89' lang='lat' dir='ltr'><strong>eodem</strong></span> <span class='ocrx_word' id='word_1_228' title='bbox 1363 3129 1589 3214; x_wconf 86' lang='lat' dir='ltr'><strong>scripturarum</strong></span> 
     </span>
     <span class='ocr_line' id='line_1_27' title="bbox 311 3235 1589 3325; baseline -0.002 -20"><span class='ocrx_word' id='word_1_229' title='bbox 311 3260 425 3324; x_wconf 89' lang='lat' dir='ltr'><strong>genere</strong></span> <span class='ocrx_word' id='word_1_230' title='bbox 449 3237 628 3307; x_wconf 76' lang='lat' dir='ltr'><strong>Cleomedis</strong></span> <span class='ocrx_word' id='word_1_231' title='bbox 651 3239 793 3308; x_wconf 89' lang='lat' dir='ltr'><strong>libellum</strong></span> <span class='ocrx_word' id='word_1_232' title='bbox 815 3261 883 3306; x_wconf 87' lang='lat' dir='ltr'><strong>esse</strong></span> <span class='ocrx_word' id='word_1_233' title='bbox 905 3238 1088 3325; x_wconf 89' lang='lat' dir='ltr'><strong>ponendum</strong></span> <span class='ocrx_word' id='word_1_234' title='bbox 1115 3244 1211 3322; x_wconf 85' lang='lat' dir='ltr'><strong>atque</strong></span> <span class='ocrx_word' id='word_1_235' title='bbox 1233 3236 1357 3322; x_wconf 91' lang='lat' dir='ltr'><strong>reliqua</strong></span> <span class='ocrx_word' id='word_1_236' title='bbox 1378 3235 1589 3303; x_wconf 68' lang='lat' dir='ltr'><strong>aeconomiae</strong></span> 
     </span>
     <span class='ocr_line' id='line_1_28' title="bbox 311 3343 1594 3431; baseline -0.002 -17"><span class='ocrx_word' id='word_1_237' title='bbox 311 3345 496 3429; x_wconf 86' lang='lat' dir='ltr'><strong>enchiridia,</strong></span> <span class='ocrx_word' id='word_1_238' title='bbox 528 3347 617 3414; x_wconf 90' lang='lat' dir='ltr'><strong>velut</strong></span> <span class='ocrx_word' id='word_1_239' title='bbox 637 3345 786 3431; x_wconf 86' lang='lat' dir='ltr'><strong>Achillis,</strong></span> <span class='ocrx_word' id='word_1_240' title='bbox 819 3346 956 3429; x_wconf 85' lang='lat' dir='ltr'><strong>Gemini,</strong></span> <span class='ocrx_word' id='word_1_241' title='bbox 990 3344 1130 3411; x_wconf 75' lang='lat' dir='ltr'><strong>Theonis</strong></span> <span class='ocrx_word' id='word_1_242' title='bbox 1158 3344 1326 3431; x_wconf 83' lang='lat' dir='ltr'><strong>Smymaei</strong></span> <span class='ocrx_word' id='word_1_243' title='bbox 1357 3364 1459 3429; x_wconf 88' lang='lat' dir='ltr'><strong>neque</strong></span> <span class='ocrx_word' id='word_1_244' title='bbox 1491 3343 1525 3409; x_wconf 94' lang='lat' dir='ltr'><strong>in</strong></span> <span class='ocrx_word' id='word_1_245' title='bbox 1556 3363 1594 3411; x_wconf 90' lang='lat' dir='ltr'><strong>eo</strong></span> 
     </span>
     <span class='ocr_line' id='line_1_29' title="bbox 311 3448 1594 3540; baseline -0.002 -20"><span class='ocrx_word' id='word_1_246' title='bbox 311 3475 431 3530; x_wconf 87' lang='lat' dir='ltr'><strong>meram</strong></span> <span class='ocrx_word' id='word_1_247' title='bbox 449 3453 624 3538; x_wconf 89' lang='lat' dir='ltr'><strong>Posidonii,</strong></span> <span class='ocrx_word' id='word_1_248' title='bbox 646 3455 763 3540; x_wconf 91' lang='lat' dir='ltr'><strong>quippe</strong></span> <span class='ocrx_word' id='word_1_249' title='bbox 782 3455 872 3521; x_wconf 88' lang='lat' dir='ltr'><strong>euius</strong></span> <span class='ocrx_word' id='word_1_250' title='bbox 889 3453 962 3521; x_wconf 83' lang='lat' dir='ltr'><strong>libri</strong></span> <span class='ocrx_word' id='word_1_251' title='bbox 984 3475 1049 3520; x_wconf 92' lang='lat' dir='ltr'><strong>non</strong></span> <span class='ocrx_word' id='word_1_252' title='bbox 1071 3458 1178 3519; x_wconf 90' lang='lat' dir='ltr'><strong>essent</strong></span> <span class='ocrx_word' id='word_1_253' title='bbox 1199 3457 1335 3537; x_wconf 89' lang='lat' dir='ltr'><strong>praesto,</strong></span> <span class='ocrx_word' id='word_1_254' title='bbox 1357 3449 1498 3517; x_wconf 82' lang='lat' dir='ltr'><strong>exhiberi</strong></span> <span class='ocrx_word' id='word_1_255' title='bbox 1521 3448 1594 3518; x_wconf 83' lang='lat' dir='ltr'><strong>doo-</strong></span> 
     </span>
     <span class='ocr_line' id='line_1_30' title="bbox 312 3557 1594 3652; baseline -0.004 -24"><span class='ocrx_word' id='word_1_256' title='bbox 312 3562 438 3644; x_wconf 83' lang='lat' dir='ltr'><strong>trinam,</strong></span> <span class='ocrx_word' id='word_1_257' title='bbox 461 3561 518 3629; x_wconf 89' lang='lat' dir='ltr'><strong>sed</strong></span> <span class='ocrx_word' id='word_1_258' title='bbox 535 3560 733 3630; x_wconf 84' lang='lat' dir='ltr'><strong>volventibus</strong></span> <span class='ocrx_word' id='word_1_259' title='bbox 751 3560 886 3630; x_wconf 74' lang='lat' dir='ltr'><strong>sasemis</strong></span> <span class='ocrx_word' id='word_1_260' title='bbox 903 3567 1060 3628; x_wconf 88' lang='lat' dir='ltr'><strong>mutatam</strong></span> <span class='ocrx_word' id='word_1_261' title='bbox 1082 3565 1116 3627; x_wconf 92' lang='lat' dir='ltr'><strong>et</strong></span> <span class='ocrx_word' id='word_1_262' title='bbox 1137 3561 1270 3627; x_wconf 87' lang='lat' dir='ltr'><strong>mixtam</strong></span> <span class='ocrx_word' id='word_1_263' title='bbox 1293 3580 1366 3626; x_wconf 89' lang='lat' dir='ltr'><strong>cum</strong></span> <span class='ocrx_word' id='word_1_264' title='bbox 1388 3557 1501 3625; x_wconf 87' lang='lat' dir='ltr'><strong>alienis</strong></span> <span class='ocrx_word' id='word_1_265' title='bbox 1524 3580 1594 3652; x_wconf 88' lang='lat' dir='ltr'><strong>een·</strong></span> 
     </span>
     <span class='ocr_line' id='line_1_31' title="bbox 220 3663 1595 3754; baseline -0.004 -17"><span class='ocrx_word' id='word_1_266' title='bbox 220 3673 237 3697; x_wconf 57' lang='grc'><em>*</em></span> <span class='ocrx_word' id='word_1_267' title='bbox 312 3669 420 3737; x_wconf 86' lang='lat' dir='ltr'><strong>tentiis</strong></span> <span class='ocrx_word' id='word_1_268' title='bbox 448 3669 775 3754; x_wconf 67' lang='lat' dir='ltr'><strong>demonstraverimus,</strong></span> <span class='ocrx_word' id='word_1_269' title='bbox 806 3669 910 3736; x_wconf 87' lang='lat' dir='ltr'><strong>faeere</strong></span> <span class='ocrx_word' id='word_1_270' title='bbox 937 3691 1002 3736; x_wconf 93' lang='lat' dir='ltr'><strong>non</strong></span> <span class='ocrx_word' id='word_1_271' title='bbox 1024 3689 1200 3754; x_wconf 85' lang='lat' dir='ltr'><strong>possumus,</strong></span> <span class='ocrx_word' id='word_1_272' title='bbox 1232 3666 1310 3753; x_wconf 92' lang='lat' dir='ltr'><strong>quin</strong></span> <span class='ocrx_word' id='word_1_273' title='bbox 1331 3665 1422 3733; x_wconf 89' lang='lat' dir='ltr'><strong>illum</strong></span> <span class='ocrx_word' id='word_1_274' title='bbox 1446 3663 1595 3733; x_wconf 92' lang='lat' dir='ltr'><strong>idonemn</strong></span> 
     </span>
     <span class='ocr_line' id='line_1_32' title="bbox 311 3769 1595 3864; baseline -0.005 -20"><span class='ocrx_word' id='word_1_275' title='bbox 311 3797 379 3844; x_wconf 87' lang='lat' dir='ltr'><strong>esee</strong></span> <span class='ocrx_word' id='word_1_276' title='bbox 412 3775 455 3844; x_wconf 85' lang='lat' dir='ltr'><strong>ad</strong></span> <span class='ocrx_word' id='word_1_277' title='bbox 485 3798 553 3845; x_wconf 89' lang='lat' dir='ltr'><strong>rem</strong></span> <span class='ocrx_word' id='word_1_278' title='bbox 585 3777 780 3864; x_wconf 88' lang='lat' dir='ltr'><strong>propositam</strong></span> <span class='ocrx_word' id='word_1_279' title='bbox 812 3797 973 3862; x_wconf 88' lang='lat' dir='ltr'><strong>negemus.</strong></span> <span class='ocrx_word' id='word_1_280' title='bbox 1006 3813 1045 3826; x_wconf 90' lang='lat'>-</span> <span class='ocrx_word' id='word_1_281' title='bbox 1082 3774 1242 3861; x_wconf 81' lang='lat' dir='ltr'><strong>Quoniam</strong></span> <span class='ocrx_word' id='word_1_282' title='bbox 1272 3795 1346 3842; x_wconf 87' lang='lat' dir='ltr'><strong>vero</strong></span> <span class='ocrx_word' id='word_1_283' title='bbox 1376 3773 1479 3840; x_wconf 85' lang='lat' dir='ltr'><strong>ultimi</strong></span> <span class='ocrx_word' id='word_1_284' title='bbox 1509 3769 1595 3839; x_wconf 84' lang='lat' dir='ltr'><strong>illiue</strong></span> 
     </span>
     <span class='ocr_line' id='line_1_33' title="bbox 311 3878 1594 3972; baseline -0.003 -21"><span class='ocrx_word' id='word_1_285' title='bbox 311 3885 419 3970; x_wconf 87' lang='lat' dir='ltr'><strong>magni</strong></span> <span class='ocrx_word' id='word_1_286' title='bbox 437 3885 638 3971; x_wconf 89' lang='lat' dir='ltr'><strong>antiquitatis</strong></span> <span class='ocrx_word' id='word_1_287' title='bbox 655 3883 835 3972; x_wconf 91' lang='lat' dir='ltr'><strong>philosophi</strong></span> <span class='ocrx_word' id='word_1_288' title='bbox 855 3883 972 3953; x_wconf 81' lang='lat' dir='ltr'><strong>Graeci</strong></span> <span class='ocrx_word' id='word_1_289' title='bbox 991 3884 1164 3950; x_wconf 86' lang='lat' dir='ltr'><strong>sententias</strong></span> <span class='ocrx_word' id='word_1_290' title='bbox 1186 3881 1328 3969; x_wconf 88' lang='lat' dir='ltr'><strong>reparari</strong></span> <span class='ocrx_word' id='word_1_291' title='bbox 1350 3878 1443 3949; x_wconf 85' lang='lat' dir='ltr'><strong>valde</strong></span> <span class='ocrx_word' id='word_1_292' title='bbox 1466 3901 1594 3948; x_wconf 87' lang='lat' dir='ltr'><strong>necesse</strong></span> 
     </span>
     <span class='ocr_line' id='line_1_34' title="bbox 312 3986 1595 4078; baseline -0.003 -20"><span class='ocrx_word' id='word_1_293' title='bbox 312 3997 369 4075; x_wconf 89' lang='lat' dir='ltr'><strong>est,</strong></span> <span class='ocrx_word' id='word_1_294' title='bbox 393 3992 549 4078; x_wconf 88' lang='lat' dir='ltr'><strong>siquidem</strong></span> <span class='ocrx_word' id='word_1_295' title='bbox 572 4014 665 4078; x_wconf 90' lang='lat' dir='ltr'><strong>quem</strong></span> <span class='ocrx_word' id='word_1_296' title='bbox 684 3993 804 4060; x_wconf 87' lang='lat' dir='ltr'><strong>exitum</strong></span> <span class='ocrx_word' id='word_1_297' title='bbox 821 3990 1023 4078; x_wconf 87' lang='lat' dir='ltr'><strong>philosophia</strong></span> <span class='ocrx_word' id='word_1_298' title='bbox 1040 3991 1182 4077; x_wconf 88' lang='lat' dir='ltr'><strong>antiqua,</strong></span> <span class='ocrx_word' id='word_1_299' title='bbox 1204 3989 1358 4076; x_wconf 90' lang='lat' dir='ltr'><strong>imprimis</strong></span> <span class='ocrx_word' id='word_1_300' title='bbox 1376 3986 1462 4074; x_wconf 93' lang='lat' dir='ltr'><strong>quod</strong></span> <span class='ocrx_word' id='word_1_301' title='bbox 1480 3987 1595 4056; x_wconf 83' lang='lat' dir='ltr'><strong>attinet</strong></span> 
     </span>
     <span class='ocr_line' id='line_1_35' title="bbox 311 4095 1595 4188; baseline -0.007 -20"><span class='ocrx_word' id='word_1_302' title='bbox 311 4098 355 4167; x_wconf 89' lang='lat' dir='ltr'><strong>ad</strong></span> <span class='ocrx_word' id='word_1_303' title='bbox 374 4097 548 4188; x_wconf 77' lang='lat' dir='ltr'><strong>physicam,</strong></span> <span class='ocrx_word' id='word_1_304' title='bbox 565 4099 686 4168; x_wconf 88' lang='lat' dir='ltr'><strong>ultimis</strong></span> <span class='ocrx_word' id='word_1_305' title='bbox 704 4100 903 4186; x_wconf 87' lang='lat' dir='ltr'><strong>antiquitatis</strong></span> <span class='ocrx_word' id='word_1_306' title='bbox 921 4097 1056 4166; x_wconf 88' lang='lat' dir='ltr'><strong>saeculis</strong></span> <span class='ocrx_word' id='word_1_307' title='bbox 1073 4096 1230 4180; x_wconf 87' lang='lat' dir='ltr'><strong>habuerit,</strong></span> <span class='ocrx_word' id='word_1_308' title='bbox 1247 4095 1391 4164; x_wconf 91' lang='lat' dir='ltr'><strong>volumus</strong></span> <span class='ocrx_word' id='word_1_309' title='bbox 1408 4095 1595 4182; x_wconf 88' lang='lat' dir='ltr'><strong>perspicere,</strong></span> 
     </span>
     <span class='ocr_line' id='line_1_36' title="bbox 313 4203 1601 4294; baseline -0.007 -19"><span class='ocrx_word' id='word_1_310' title='bbox 313 4229 429 4277; x_wconf 90' lang='lat' dir='ltr'><strong>novam</strong></span> <span class='ocrx_word' id='word_1_311' title='bbox 459 4206 638 4294; x_wconf 82' lang='lat' dir='ltr'><strong>patefacere</strong></span> <span class='ocrx_word' id='word_1_312' title='bbox 668 4208 752 4274; x_wconf 91' lang='lat' dir='ltr'><strong>viam</strong></span> <span class='ocrx_word' id='word_1_313' title='bbox 784 4229 890 4274; x_wconf 90' lang='lat' dir='ltr'><strong>meum</strong></span> <span class='ocrx_word' id='word_1_314' title='bbox 922 4212 980 4273; x_wconf 83' lang='lat' dir='ltr'><strong>est</strong></span> <span class='ocrx_word' id='word_1_315' title='bbox 1024 4203 1135 4290; x_wconf 86' lang='lat' dir='ltr'><strong>Atque</strong></span> <span class='ocrx_word' id='word_1_316' title='bbox 1165 4203 1250 4272; x_wconf 91' lang='lat' dir='ltr'><strong>hano</strong></span> <span class='ocrx_word' id='word_1_317' title='bbox 1280 4203 1500 4270; x_wconf 86' lang='lat' dir='ltr'><strong>dissertatione</strong></span> <span class='ocrx_word' id='word_1_318' title='bbox 1523 4223 1601 4288; x_wconf 34' lang='lat' dir='ltr'><strong>mea·</strong></span> 
     </span>
     <span class='ocr_line' id='line_1_37' title="bbox 311 4310 1593 4400; baseline -0.005 -17"><span class='ocrx_word' id='word_1_319' title='bbox 311 4313 544 4384; x_wconf 69' lang='lat' dir='ltr'><strong>demomhasse</strong></span> <span class='ocrx_word' id='word_1_320' title='bbox 566 4316 645 4382; x_wconf 91' lang='lat' dir='ltr'><strong>mihi</strong></span> <span class='ocrx_word' id='word_1_321' title='bbox 668 4315 785 4399; x_wconf 89' lang='lat' dir='ltr'><strong>videor,</strong></span> <span class='ocrx_word' id='word_1_322' title='bbox 815 4315 912 4382; x_wconf 89' lang='lat' dir='ltr'><strong>immo</strong></span> <span class='ocrx_word' id='word_1_323' title='bbox 941 4314 1103 4400; x_wconf 88' lang='lat' dir='ltr'><strong>ingressus</strong></span> <span class='ocrx_word' id='word_1_324' title='bbox 1125 4333 1207 4379; x_wconf 90' lang='lat' dir='ltr'><strong>sum.</strong></span> <span class='ocrx_word' id='word_1_325' title='bbox 1251 4310 1392 4377; x_wconf 88' lang='lat' dir='ltr'><strong>Primum</strong></span> <span class='ocrx_word' id='word_1_326' title='bbox 1416 4310 1501 4375; x_wconf 90' lang='lat' dir='ltr'><strong>enim</strong></span> <span class='ocrx_word' id='word_1_327' title='bbox 1523 4329 1593 4395; x_wconf 83' lang='lat' dir='ltr'><strong>pro</strong></span> 
     </span>
     <span class='ocr_line' id='line_1_38' title="bbox 311 4418 1596 4511; baseline -0.007 -20"><span class='ocrx_word' id='word_1_328' title='bbox 311 4423 667 4511; x_wconf 82' lang='lat' dir='ltr'><strong>posui(suprap.12)</strong></span> <span class='ocrx_word' id='word_1_329' title='bbox 694 4442 951 4509; x_wconf 88' lang='lat' dir='ltr'><strong>unamquamque</strong></span> <span class='ocrx_word' id='word_1_330' title='bbox 983 4420 1143 4488; x_wconf 89' lang='lat' dir='ltr'><strong>notionem</strong></span> <span class='ocrx_word' id='word_1_331' title='bbox 1172 4418 1222 4487; x_wconf 85' lang='lat' dir='ltr'><strong>vel</strong></span> <span class='ocrx_word' id='word_1_332' title='bbox 1250 4419 1469 4503; x_wconf 87' lang='lat' dir='ltr'><strong>quaestionem</strong></span> <span class='ocrx_word' id='word_1_333' title='bbox 1499 4439 1596 4502; x_wconf 90' lang='lat' dir='ltr'><strong>quam</strong></span> 
     </span>
     <span class='ocr_line' id='line_1_39' title="bbox 311 4522 1595 4618; baseline -0.006 -18"><span class='ocrx_word' id='word_1_334' title='bbox 311 4531 546 4600; x_wconf 85' lang='lat' dir='ltr'><strong>accuratissime</strong></span> <span class='ocrx_word' id='word_1_335' title='bbox 568 4552 590 4598; x_wconf 85' lang='lat' dir='ltr'><strong>a</strong></span> <span class='ocrx_word' id='word_1_336' title='bbox 611 4530 774 4618; x_wconf 90' lang='lat' dir='ltr'><strong>principiis</strong></span> <span class='ocrx_word' id='word_1_337' title='bbox 796 4551 896 4616; x_wconf 90' lang='lat' dir='ltr'><strong>usque</strong></span> <span class='ocrx_word' id='word_1_338' title='bbox 925 4527 968 4595; x_wconf 86' lang='lat' dir='ltr'><strong>ad</strong></span> <span class='ocrx_word' id='word_1_339' title='bbox 995 4526 1090 4594; x_wconf 90' lang='lat' dir='ltr'><strong>finem</strong></span> <span class='ocrx_word' id='word_1_340' title='bbox 1122 4524 1385 4612; x_wconf 83' lang='lat' dir='ltr'><strong>investigandam,</strong></span> <span class='ocrx_word' id='word_1_341' title='bbox 1417 4532 1461 4607; x_wconf 81' lang='lat' dir='ltr'><strong>ut,</strong></span> <span class='ocrx_word' id='word_1_342' title='bbox 1492 4522 1595 4612; x_wconf 78' lang='lat' dir='ltr'><strong>qualis</strong></span> 
     </span>
     <span class='ocr_line' id='line_1_40' title="bbox 310 4632 1595 4726; baseline -0.009 -16"><span class='ocrx_word' id='word_1_343' title='bbox 310 4640 404 4710; x_wconf 76' lang='lat' dir='ltr'><strong>iuuerit</strong></span> <span class='ocrx_word' id='word_1_344' title='bbox 426 4646 531 4709; x_wconf 83' lang='lat' dir='ltr'><strong>aetate</strong></span> <span class='ocrx_word' id='word_1_345' title='bbox 553 4639 727 4724; x_wconf 90' lang='lat' dir='ltr'><strong>Posidonii,</strong></span> <span class='ocrx_word' id='word_1_346' title='bbox 749 4638 1021 4726; x_wconf 81' lang='lat' dir='ltr'><strong>intellegeremue3</strong></span> <span class='ocrx_word' id='word_1_347' title='bbox 1044 4642 1113 4704; x_wconf 90' lang='lat' dir='ltr'><strong>tum</strong></span> <span class='ocrx_word' id='word_1_348' title='bbox 1131 4655 1196 4702; x_wconf 89' lang='lat' dir='ltr'><strong>non</strong></span> <span class='ocrx_word' id='word_1_349' title='bbox 1214 4632 1256 4702; x_wconf 86' lang='lat' dir='ltr'><strong>ab</strong></span> <span class='ocrx_word' id='word_1_350' title='bbox 1275 4653 1339 4701; x_wconf 89' lang='lat' dir='ltr'><strong>uuo</strong></span> <span class='ocrx_word' id='word_1_351' title='bbox 1357 4633 1509 4720; x_wconf 86' lang='lat' dir='ltr'><strong>scriptore</strong></span> <span class='ocrx_word' id='word_1_352' title='bbox 1526 4651 1595 4700; x_wconf 85' lang='lat' dir='ltr'><strong>esse</strong></span> 
     </span>
    </p>
   </div>
   <div class='ocr_carea' id='block_1_5' title="bbox 0 0 1816 5164">
    <p class='ocr_par' dir='ltr' id='par_1_5' title="bbox 0 0 1816 5164">
     <span class='ocr_line' id='line_1_41' title="bbox 0 0 1816 5164; baseline 0 0"><span class='ocrx_word' id='word_1_353' title='bbox 0 0 1816 5164; x_wconf 95' lang='lat' dir='ltr'><strong> </strong></span> 
     </span>
    </p>
   </div>
  </div>
 </body>
</html>
