<?xml version="1.0" encoding="UTF-8"?>
<!DOCTYPE html PUBLIC "-//W3C//DTD XHTML 1.0 Transitional//EN"
    "http://www.w3.org/TR/xhtml1/DTD/xhtml1-transitional.dtd">
<html xmlns="http://www.w3.org/1999/xhtml" xml:lang="en" lang="en">
 <head>
  <title>
</title>
<meta http-equiv="Content-Type" content="text/html;charset=utf-8" />
  <meta name='ocr-system' content='tesseract 3.04.00' />
  <meta name='ocr-capabilities' content='ocr_page ocr_carea ocr_par ocr_line ocrx_word'/>
</head>
<body>
  <div class='ocr_page' id='page_1' title='image "./quaestionescleo00boergoog_0042.png"; bbox 0 0 3632 5144; ppageno 0'>
   <div class='ocr_carea' id='block_1_1' title="bbox 807 345 1027 408">
    <p class='ocr_par' dir='ltr' id='par_1_1' title="bbox 807 345 1027 408">
     <span class='ocr_line' id='line_1_1' title="bbox 807 345 1027 408; baseline 0 -16"><span class='ocrx_word' id='word_1_1' title='bbox 807 345 1027 408; x_wconf 71' lang='lat'>-35—·</span> 
     </span>
    </p>
   </div>
   <div class='ocr_carea' id='block_1_2' title="bbox 250 537 1633 3414">
    <p class='ocr_par' dir='ltr' id='par_1_2' title="bbox 267 537 1556 1160">
     <span class='ocr_line' id='line_1_2' title="bbox 359 537 1552 625; baseline -0.003 -17"><span class='ocrx_word' id='word_1_2' title='bbox 359 538 425 608; x_wconf 88' lang='lat' dir='ltr'><strong>Sed</strong></span> <span class='ocrx_word' id='word_1_3' title='bbox 447 540 511 604; x_wconf 89' lang='lat' dir='ltr'><strong>iam</strong></span> <span class='ocrx_word' id='word_1_4' title='bbox 535 539 746 624; x_wconf 83' lang='lat' dir='ltr'>perducamus</span> <span class='ocrx_word' id='word_1_5' title='bbox 770 540 802 603; x_wconf 91' lang='lat' dir='ltr'><strong>in</strong></span> <span class='ocrx_word' id='word_1_6' title='bbox 825 537 921 603; x_wconf 92' lang='lat' dir='ltr'><strong>finem</strong></span> <span class='ocrx_word' id='word_1_7' title='bbox 945 545 1086 604; x_wconf 90' lang='lat' dir='ltr'><strong>nostram</strong></span> <span class='ocrx_word' id='word_1_8' title='bbox 1110 538 1149 603; x_wconf 95' lang='lat' dir='ltr'><strong>de</strong></span> <span class='ocrx_word' id='word_1_9' title='bbox 1173 540 1345 605; x_wconf 88' lang='lat' dir='ltr'><strong>certamine</strong></span> <span class='ocrx_word' id='word_1_10' title='bbox 1364 540 1552 625; x_wconf 86' lang='lat' dir='ltr'><strong>Peripateti·</strong></span> 
     </span>
     <span class='ocr_line' id='line_1_3' title="bbox 269 646 1556 732; baseline 0 -19"><span class='ocrx_word' id='word_1_11' title='bbox 269 670 377 713; x_wconf 89' lang='lat' dir='ltr'><strong>corum</strong></span> <span class='ocrx_word' id='word_1_12' title='bbox 400 653 434 712; x_wconf 90' lang='lat' dir='ltr'><strong>et</strong></span> <span class='ocrx_word' id='word_1_13' title='bbox 457 646 636 712; x_wconf 85' lang='lat' dir='ltr'><strong>Cleomedis</strong></span> <span class='ocrx_word' id='word_1_14' title='bbox 664 646 930 730; x_wconf 68' lang='lat' dir='ltr'><strong>disquisitionem</strong></span> <span class='ocrx_word' id='word_1_15' title='bbox 963 647 1053 711; x_wconf 91' lang='lat' dir='ltr'><strong>cuius</strong></span> <span class='ocrx_word' id='word_1_16' title='bbox 1084 646 1123 710; x_wconf 88' lang='lat' dir='ltr'><strong>de</strong></span> <span class='ocrx_word' id='word_1_17' title='bbox 1156 652 1297 712; x_wconf 86' lang='lat' dir='ltr'><strong>extrema</strong></span> <span class='ocrx_word' id='word_1_18' title='bbox 1329 653 1419 731; x_wconf 84' lang='lat' dir='ltr'><strong>parte</strong></span> <span class='ocrx_word' id='word_1_19' title='bbox 1451 669 1556 732; x_wconf 88' lang='lat' dir='ltr'><strong>pauca</strong></span> 
     </span>
     <span class='ocr_line' id='line_1_4' title="bbox 269 752 1554 838; baseline 0 -19"><span class='ocrx_word' id='word_1_20' title='bbox 269 755 438 821; x_wconf 86' lang='lat' dir='ltr'><strong>sufficiunt</strong></span> <span class='ocrx_word' id='word_1_21' title='bbox 485 752 581 837; x_wconf 79' lang='lat' dir='ltr'><strong>Quod</strong></span> <span class='ocrx_word' id='word_1_22' title='bbox 604 775 625 818; x_wconf 91' lang='lat' dir='ltr'><strong>a</strong></span> <span class='ocrx_word' id='word_1_23' title='bbox 646 753 869 838; x_wconf 81' lang='lat' dir='ltr'><strong>Peripateticis</strong></span> <span class='ocrx_word' id='word_1_24' title='bbox 892 758 1003 818; x_wconf 87' lang='lat' dir='ltr'><strong>contra</strong></span> <span class='ocrx_word' id='word_1_25' title='bbox 1035 755 1223 818; x_wconf 89' lang='lat' dir='ltr'><strong>immensum</strong></span> <span class='ocrx_word' id='word_1_26' title='bbox 1256 777 1390 819; x_wconf 87' lang='lat' dir='ltr'><strong>vacuum</strong></span> <span class='ocrx_word' id='word_1_27' title='bbox 1422 756 1554 838; x_wconf 81' lang='lat' dir='ltr'><strong>proferri</strong></span> 
     </span>
     <span class='ocr_line' id='line_1_5' title="bbox 269 860 1553 945; baseline 0 -17"><span class='ocrx_word' id='word_1_28' title='bbox 269 861 455 928; x_wconf 81' lang='lat' dir='ltr'><strong>Cleomedes</strong></span> <span class='ocrx_word' id='word_1_29' title='bbox 475 865 516 945; x_wconf 86' lang='lat' dir='ltr'><strong>(p.</strong></span> <span class='ocrx_word' id='word_1_30' title='bbox 540 862 712 942; x_wconf 80' lang='grc'><strong>12,6-15)</strong></span> <span class='ocrx_word' id='word_1_31' title='bbox 735 866 970 942; x_wconf 87' lang='lat' dir='ltr'><strong>commemorat,</strong></span> <span class='ocrx_word' id='word_1_32' title='bbox 992 882 1027 926; x_wconf 90' lang='lat' dir='ltr'><strong>re</strong></span> <span class='ocrx_word' id='word_1_33' title='bbox 1050 883 1124 926; x_wconf 85' lang='lat' dir='ltr'><strong>vera</strong></span> <span class='ocrx_word' id='word_1_34' title='bbox 1146 862 1305 926; x_wconf 90' lang='lat' dir='ltr'><strong>invenitur</strong></span> <span class='ocrx_word' id='word_1_35' title='bbox 1323 862 1407 945; x_wconf 86' lang='lat' dir='ltr'><strong>apud</strong></span> <span class='ocrx_word' id='word_1_36' title='bbox 1428 860 1553 928; x_wconf 83' lang='lat' dir='ltr'><strong>Aristo-</strong></span> 
     </span>
     <span class='ocr_line' id='line_1_6' title="bbox 267 967 1554 1054; baseline 0 -19"><span class='ocrx_word' id='word_1_37' title='bbox 267 969 371 1051; x_wconf 86' lang='lat' dir='ltr'><strong>telem,</strong></span> <span class='ocrx_word' id='word_1_38' title='bbox 387 968 484 1054; x_wconf 80' lang='lat' dir='ltr'><strong>Phys</strong></span> <span class='ocrx_word' id='word_1_39' title='bbox 493 967 560 1050; x_wconf 83' lang='grc' dir='ltr'><strong>ΠΙ,</strong></span> <span class='ocrx_word' id='word_1_40' title='bbox 570 970 600 1050; x_wconf 84' lang='grc'><strong>4,</strong></span> <span class='ocrx_word' id='word_1_41' title='bbox 610 967 702 1034; x_wconf 86' lang='lat' dir='ltr'><strong>203b·</strong></span> <span class='ocrx_word' id='word_1_42' title='bbox 719 970 771 1049; x_wconf 83' lang='lat'><strong>25,</strong></span> <span class='ocrx_word' id='word_1_43' title='bbox 789 968 844 1033; x_wconf 96' lang='lat' dir='ltr'><strong>ubi</strong></span> <span class='ocrx_word' id='word_1_44' title='bbox 853 969 886 1033; x_wconf 93' lang='lat' dir='ltr'><strong>in</strong></span> <span class='ocrx_word' id='word_1_45' title='bbox 897 967 1117 1034; x_wconf 81' lang='lat' dir='ltr'><strong>Democritum</strong></span> <span class='ocrx_word' id='word_1_46' title='bbox 1129 968 1299 1049; x_wconf 65' lang='lat' dir='ltr'><strong>involutum</strong></span> <span class='ocrx_word' id='word_1_47' title='bbox 1319 969 1355 1034; x_wconf 86' lang='lat' dir='ltr'><strong>cf.</strong></span> <span class='ocrx_word' id='word_1_48' title='bbox 1368 967 1510 1054; x_wconf 82' lang='lat' dir='ltr'><strong>Simplie.</strong></span> <span class='ocrx_word' id='word_1_49' title='bbox 1520 971 1554 1036; x_wconf 91' lang='lat' dir='ltr'><strong>in</strong></span> 
     </span>
     <span class='ocr_line' id='line_1_7' title="bbox 268 1072 898 1160; baseline -0.005 -18"><span class='ocrx_word' id='word_1_50' title='bbox 268 1072 330 1144; x_wconf 54' lang='lat' dir='ltr'><strong>Ar,</strong></span> <span class='ocrx_word' id='word_1_51' title='bbox 350 1075 411 1142; x_wconf 87' lang='lat' dir='ltr'><strong>Ph.</strong></span> <span class='ocrx_word' id='word_1_52' title='bbox 433 1075 500 1156; x_wconf 94' lang='lat' dir='ltr'><strong>III,</strong></span> <span class='ocrx_word' id='word_1_53' title='bbox 523 1079 553 1157; x_wconf 89' lang='lat'><strong>4,</strong></span> <span class='ocrx_word' id='word_1_54' title='bbox 576 1097 606 1160; x_wconf 90' lang='lat' dir='ltr'><strong>p.</strong></span> <span class='ocrx_word' id='word_1_55' title='bbox 630 1077 705 1156; x_wconf 83' lang='grc'><strong>467,</strong></span> <span class='ocrx_word' id='word_1_56' title='bbox 731 1077 771 1140; x_wconf 90' lang='grc'><strong>16</strong></span> <span class='ocrx_word' id='word_1_57' title='bbox 796 1074 898 1150; x_wconf 83' lang='lat' dir='ltr'><strong>Diels,</strong></span> 
     </span>
    </p>

    <p class='ocr_par' dir='ltr' id='par_1_3' title="bbox 262 1180 1633 2556">
     <span class='ocr_line' id='line_1_8' title="bbox 358 1180 1553 1268; baseline 0.002 -19"><span class='ocrx_word' id='word_1_58' title='bbox 358 1185 407 1249; x_wconf 82' lang='lat' dir='ltr'><strong>dd.</strong></span> <span class='ocrx_word' id='word_1_59' title='bbox 453 1183 550 1248; x_wconf 89' lang='lat' dir='ltr'><strong>Nunc</strong></span> <span class='ocrx_word' id='word_1_60' title='bbox 568 1180 881 1267; x_wconf 88' lang='lat' dir='ltr'><strong>comprehendamus,</strong></span> <span class='ocrx_word' id='word_1_61' title='bbox 899 1203 981 1265; x_wconf 87' lang='lat' dir='ltr'><strong>quae</strong></span> <span class='ocrx_word' id='word_1_62' title='bbox 1000 1203 1038 1247; x_wconf 89' lang='lat' dir='ltr'><strong>ex</strong></span> <span class='ocrx_word' id='word_1_63' title='bbox 1054 1180 1233 1249; x_wconf 82' lang='lat' dir='ltr'><strong>Stoicorum</strong></span> <span class='ocrx_word' id='word_1_64' title='bbox 1250 1205 1322 1248; x_wconf 85' lang='lat' dir='ltr'><strong>curn</strong></span> <span class='ocrx_word' id='word_1_65' title='bbox 1332 1183 1553 1268; x_wconf 81' lang='lat' dir='ltr'><strong>Peripateticis</strong></span> 
     </span>
     <span class='ocr_line' id='line_1_9' title="bbox 267 1287 1552 1376; baseline 0.001 -20"><span class='ocrx_word' id='word_1_66' title='bbox 267 1291 481 1376; x_wconf 86' lang='lat' dir='ltr'><strong>disputatione</strong></span> <span class='ocrx_word' id='word_1_67' title='bbox 492 1290 663 1356; x_wconf 87' lang='lat' dir='ltr'><strong>effecimus.</strong></span> <span class='ocrx_word' id='word_1_68' title='bbox 710 1287 852 1356; x_wconf 84' lang='lat' dir='ltr'><strong>Stoicam</strong></span> <span class='ocrx_word' id='word_1_69' title='bbox 871 1288 910 1352; x_wconf 94' lang='lat' dir='ltr'><strong>de</strong></span> <span class='ocrx_word' id='word_1_70' title='bbox 930 1311 1030 1356; x_wconf 83' lang='lat' dir='ltr'><strong>vacuo</strong></span> <span class='ocrx_word' id='word_1_71' title='bbox 1049 1289 1226 1355; x_wconf 85' lang='lat' dir='ltr'><strong>doctrinam</strong></span> <span class='ocrx_word' id='word_1_72' title='bbox 1245 1293 1308 1354; x_wconf 85' lang='lat' dir='ltr'><strong>iarn</strong></span> <span class='ocrx_word' id='word_1_73' title='bbox 1319 1291 1359 1358; x_wconf 90' lang='lat' dir='ltr'><strong>ab</strong></span> <span class='ocrx_word' id='word_1_74' title='bbox 1370 1293 1552 1359; x_wconf 87' lang='lat' dir='ltr'><strong>auctoribus</strong></span> 
     </span>
     <span class='ocr_line' id='line_1_10' title="bbox 265 1395 1551 1484; baseline 0.001 -20"><span class='ocrx_word' id='word_1_75' title='bbox 265 1398 400 1481; x_wconf 86' lang='lat' dir='ltr'><strong>scholae,</strong></span> <span class='ocrx_word' id='word_1_76' title='bbox 422 1398 510 1464; x_wconf 86' lang='lat' dir='ltr'><strong>velut</strong></span> <span class='ocrx_word' id='word_1_77' title='bbox 527 1419 547 1462; x_wconf 91' lang='lat' dir='ltr'><strong>a</strong></span> <span class='ocrx_word' id='word_1_78' title='bbox 567 1396 753 1482; x_wconf 77' lang='lat' dir='ltr'><strong>Chrysippo,</strong></span> <span class='ocrx_word' id='word_1_79' title='bbox 777 1417 845 1461; x_wconf 89' lang='lat' dir='ltr'><strong>esse</strong></span> <span class='ocrx_word' id='word_1_80' title='bbox 868 1395 1032 1461; x_wconf 81' lang='lat' dir='ltr'><strong>defensam</strong></span> <span class='ocrx_word' id='word_1_81' title='bbox 1057 1397 1212 1463; x_wconf 83' lang='lat' dir='ltr'><strong>adversus</strong></span> <span class='ocrx_word' id='word_1_82' title='bbox 1236 1397 1315 1463; x_wconf 88' lang='lat' dir='ltr'><strong>alios</strong></span> <span class='ocrx_word' id='word_1_83' title='bbox 1337 1398 1551 1484; x_wconf 88' lang='lat' dir='ltr'><strong>philosophos,</strong></span> 
     </span>
     <span class='ocr_line' id='line_1_11' title="bbox 265 1502 1551 1588; baseline 0.001 -17"><span class='ocrx_word' id='word_1_84' title='bbox 265 1507 330 1572; x_wconf 86' lang='lat' dir='ltr'><strong>veri</strong></span> <span class='ocrx_word' id='word_1_85' title='bbox 354 1505 456 1571; x_wconf 91' lang='lat' dir='ltr'><strong>simile</strong></span> <span class='ocrx_word' id='word_1_86' title='bbox 479 1510 536 1570; x_wconf 89' lang='lat' dir='ltr'><strong>est</strong></span> <span class='ocrx_word' id='word_1_87' title='bbox 583 1502 709 1587; x_wconf 79' lang='lat' dir='ltr'><strong>Quibus</strong></span> <span class='ocrx_word' id='word_1_88' title='bbox 738 1505 771 1568; x_wconf 93' lang='lat' dir='ltr'><strong>in</strong></span> <span class='ocrx_word' id='word_1_89' title='bbox 803 1503 1084 1588; x_wconf 86' lang='lat' dir='ltr'><strong>disceptationibus</strong></span> <span class='ocrx_word' id='word_1_90' title='bbox 1117 1511 1220 1569; x_wconf 86' lang='lat' dir='ltr'><strong>certus</strong></span> <span class='ocrx_word' id='word_1_91' title='bbox 1251 1504 1406 1588; x_wconf 88' lang='lat' dir='ltr'><strong>quasdam</strong></span> <span class='ocrx_word' id='word_1_92' title='bbox 1429 1514 1551 1573; x_wconf 89' lang='lat' dir='ltr'><strong>contro-</strong></span> 
     </span>
     <span class='ocr_line' id='line_1_12' title="bbox 265 1611 1552 1695; baseline 0.001 -16"><span class='ocrx_word' id='word_1_93' title='bbox 265 1615 383 1680; x_wconf 79' lang='lat' dir='ltr'><strong>samias</strong></span> <span class='ocrx_word' id='word_1_94' title='bbox 417 1614 531 1679; x_wconf 86' lang='lat' dir='ltr'><strong>iterum</strong></span> <span class='ocrx_word' id='word_1_95' title='bbox 564 1617 659 1695; x_wconf 91' lang='lat' dir='ltr'><strong>atque</strong></span> <span class='ocrx_word' id='word_1_96' title='bbox 692 1612 806 1677; x_wconf 81' lang='lat' dir='ltr'><strong>iterrun</strong></span> <span class='ocrx_word' id='word_1_97' title='bbox 839 1616 924 1676; x_wconf 87' lang='lat' dir='ltr'><strong>certo</strong></span> <span class='ocrx_word' id='word_1_98' title='bbox 956 1611 1066 1677; x_wconf 90' lang='lat' dir='ltr'><strong>ordine</strong></span> <span class='ocrx_word' id='word_1_99' title='bbox 1101 1633 1168 1676; x_wconf 86' lang='lat' dir='ltr'><strong>esso</strong></span> <span class='ocrx_word' id='word_1_100' title='bbox 1201 1617 1355 1677; x_wconf 87' lang='lat' dir='ltr'><strong>tractatas</strong></span> <span class='ocrx_word' id='word_1_101' title='bbox 1383 1613 1486 1679; x_wconf 87' lang='lat' dir='ltr'><strong>elucet</strong></span> <span class='ocrx_word' id='word_1_102' title='bbox 1513 1637 1552 1680; x_wconf 88' lang='lat' dir='ltr'><strong>ex</strong></span> 
     </span>
     <span class='ocr_line' id='line_1_13' title="bbox 267 1716 1552 1806; baseline 0.001 -20"><span class='ocrx_word' id='word_1_103' title='bbox 267 1720 424 1789; x_wconf 80' lang='lat' dir='ltr'><strong>similibus</strong></span> <span class='ocrx_word' id='word_1_104' title='bbox 444 1718 624 1786; x_wconf 80' lang='lat' dir='ltr'><strong>Cleomedis</strong></span> <span class='ocrx_word' id='word_1_105' title='bbox 643 1723 676 1784; x_wconf 90' lang='lat' dir='ltr'><strong>et</strong></span> <span class='ocrx_word' id='word_1_106' title='bbox 694 1716 872 1784; x_wconf 86' lang='lat' dir='ltr'><strong>Alexandri</strong></span> <span class='ocrx_word' id='word_1_107' title='bbox 890 1717 1151 1804; x_wconf 88' lang='lat' dir='ltr'><strong>Aphrodisiensis</strong></span> <span class='ocrx_word' id='word_1_108' title='bbox 1176 1719 1252 1784; x_wconf 89' lang='lat' dir='ltr'><strong>locis</strong></span> <span class='ocrx_word' id='word_1_109' title='bbox 1275 1742 1373 1804; x_wconf 89' lang='lat' dir='ltr'><strong>supra</strong></span> <span class='ocrx_word' id='word_1_110' title='bbox 1390 1725 1433 1806; x_wconf 82' lang='lat' dir='ltr'><strong>(p.</strong></span> <span class='ocrx_word' id='word_1_111' title='bbox 1443 1724 1484 1787; x_wconf 87' lang='grc'><strong>28</strong></span> <span class='ocrx_word' id='word_1_112' title='bbox 1494 1723 1552 1806; x_wconf 89' lang='lat' dir='ltr'><strong>sq.)</strong></span> 
     </span>
     <span class='ocr_line' id='line_1_14' title="bbox 266 1825 1550 1912; baseline 0.001 -19"><span class='ocrx_word' id='word_1_113' title='bbox 266 1828 466 1912; x_wconf 86' lang='lat' dir='ltr'><strong>comparatis.</strong></span> <span class='ocrx_word' id='word_1_114' title='bbox 531 1826 695 1893; x_wconf 87' lang='lat' dir='ltr'><strong>Usitatum</strong></span> <span class='ocrx_word' id='word_1_115' title='bbox 732 1825 817 1891; x_wconf 93' lang='lat' dir='ltr'><strong>hunc</strong></span> <span class='ocrx_word' id='word_1_116' title='bbox 853 1826 995 1891; x_wconf 88' lang='lat' dir='ltr'><strong>ordinem</strong></span> <span class='ocrx_word' id='word_1_117' title='bbox 1030 1825 1216 1893; x_wconf 80' lang='lat' dir='ltr'><strong>Cleomedes</strong></span> <span class='ocrx_word' id='word_1_118' title='bbox 1250 1848 1375 1911; x_wconf 88' lang='lat' dir='ltr'><strong>quoque</strong></span> <span class='ocrx_word' id='word_1_119' title='bbox 1409 1849 1550 1894; x_wconf 85' lang='lat' dir='ltr'><strong>servasse</strong></span> 
     </span>
     <span class='ocr_line' id='line_1_15' title="bbox 264 1933 1550 2020; baseline 0.001 -20"><span class='ocrx_word' id='word_1_120' title='bbox 264 1935 397 2017; x_wconf 82' lang='lat' dir='ltr'><strong>videtur,</strong></span> <span class='ocrx_word' id='word_1_121' title='bbox 429 1941 536 2000; x_wconf 88' lang='lat' dir='ltr'><strong>tamen</strong></span> <span class='ocrx_word' id='word_1_122' title='bbox 569 1955 633 2000; x_wconf 93' lang='lat' dir='ltr'><strong>uno</strong></span> <span class='ocrx_word' id='word_1_123' title='bbox 659 1933 729 1999; x_wconf 90' lang='lat' dir='ltr'><strong>loco</strong></span> <span class='ocrx_word' id='word_1_124' title='bbox 758 1934 842 1998; x_wconf 87' lang='lat' dir='ltr'><strong>viam</strong></span> <span class='ocrx_word' id='word_1_125' title='bbox 871 1934 988 2015; x_wconf 86' lang='lat' dir='ltr'><strong>tritam,</strong></span> <span class='ocrx_word' id='word_1_126' title='bbox 1021 1938 1057 1999; x_wconf 87' lang='lat' dir='ltr'><strong>ut</strong></span> <span class='ocrx_word' id='word_1_127' title='bbox 1080 1934 1126 1998; x_wconf 89' lang='lat' dir='ltr'><strong>ita</strong></span> <span class='ocrx_word' id='word_1_128' title='bbox 1149 1933 1262 2016; x_wconf 86' lang='lat' dir='ltr'><strong>dicam,</strong></span> <span class='ocrx_word' id='word_1_129' title='bbox 1294 1934 1421 2018; x_wconf 89' lang='lat' dir='ltr'><strong>reliquit</strong></span> <span class='ocrx_word' id='word_1_130' title='bbox 1443 1958 1473 2020; x_wconf 91' lang='lat' dir='ltr'><strong>p.</strong></span> <span class='ocrx_word' id='word_1_131' title='bbox 1500 1938 1550 2018; x_wconf 89' lang='lat'><strong>10,</strong></span> 
     </span>
     <span class='ocr_line' id='line_1_16' title="bbox 267 2039 1549 2127; baseline -0.001 -19"><span class='ocrx_word' id='word_1_132' title='bbox 267 2045 407 2108; x_wconf 85' lang='lat'>18-23.</span> <span class='ocrx_word' id='word_1_133' title='bbox 451 2041 499 2107; x_wconf 80' lang='lat' dir='ltr'><strong>Et</strong></span> <span class='ocrx_word' id='word_1_134' title='bbox 520 2041 581 2107; x_wconf 91' lang='lat' dir='ltr'><strong>hoc</strong></span> <span class='ocrx_word' id='word_1_135' title='bbox 603 2062 667 2106; x_wconf 89' lang='lat' dir='ltr'><strong>uno</strong></span> <span class='ocrx_word' id='word_1_136' title='bbox 690 2040 759 2106; x_wconf 92' lang='lat' dir='ltr'><strong>loco</strong></span> <span class='ocrx_word' id='word_1_137' title='bbox 782 2063 844 2107; x_wconf 91' lang='lat' dir='ltr'><strong>non</strong></span> <span class='ocrx_word' id='word_1_138' title='bbox 867 2039 1088 2127; x_wconf 82' lang='lat' dir='ltr'><strong>Chrysippmn,</strong></span> <span class='ocrx_word' id='word_1_139' title='bbox 1112 2046 1148 2106; x_wconf 91' lang='lat' dir='ltr'><strong>ut</strong></span> <span class='ocrx_word' id='word_1_140' title='bbox 1166 2042 1198 2105; x_wconf 90' lang='lat' dir='ltr'><strong>in</strong></span> <span class='ocrx_word' id='word_1_141' title='bbox 1217 2041 1346 2125; x_wconf 82' lang='lat' dir='ltr'><strong>reliquis</strong></span> <span class='ocrx_word' id='word_1_142' title='bbox 1364 2042 1428 2107; x_wconf 87' lang='lat' dir='ltr'><strong>fero</strong></span> <span class='ocrx_word' id='word_1_143' title='bbox 1446 2042 1549 2125; x_wconf 92' lang='lat' dir='ltr'><strong>rebus,</strong></span> 
     </span>
     <span class='ocr_line' id='line_1_17' title="bbox 267 2148 1549 2234; baseline 0 -20"><span class='ocrx_word' id='word_1_144' title='bbox 267 2149 324 2215; x_wconf 89' lang='lat' dir='ltr'><strong>ssd</strong></span> <span class='ocrx_word' id='word_1_145' title='bbox 346 2148 552 2215; x_wconf 91' lang='lat' dir='ltr'><strong>Posidonium</strong></span> <span class='ocrx_word' id='word_1_146' title='bbox 575 2149 725 2232; x_wconf 89' lang='lat' dir='ltr'><strong>sequitur.</strong></span> <span class='ocrx_word' id='word_1_147' title='bbox 771 2148 882 2214; x_wconf 89' lang='lat' dir='ltr'><strong>Utitur</strong></span> <span class='ocrx_word' id='word_1_148' title='bbox 905 2149 989 2212; x_wconf 92' lang='lat' dir='ltr'><strong>enim</strong></span> <span class='ocrx_word' id='word_1_149' title='bbox 1013 2153 1208 2231; x_wconf 85' lang='lat' dir='ltr'><strong>argumento,</strong></span> <span class='ocrx_word' id='word_1_150' title='bbox 1236 2148 1322 2232; x_wconf 92' lang='lat' dir='ltr'><strong>quod</strong></span> <span class='ocrx_word' id='word_1_151' title='bbox 1343 2148 1549 2234; x_wconf 87' lang='lat' dir='ltr'><strong>philosophus</strong></span> 
     </span>
     <span class='ocr_line' id='line_1_18' title="bbox 263 2255 1548 2341; baseline 0 -19"><span class='ocrx_word' id='word_1_152' title='bbox 263 2256 411 2322; x_wconf 88' lang='lat' dir='ltr'><strong>Rhodius</strong></span> <span class='ocrx_word' id='word_1_153' title='bbox 433 2255 559 2321; x_wconf 86' lang='lat' dir='ltr'><strong>induxit</strong></span> <span class='ocrx_word' id='word_1_154' title='bbox 580 2257 613 2321; x_wconf 94' lang='lat' dir='ltr'><strong>in</strong></span> <span class='ocrx_word' id='word_1_155' title='bbox 636 2256 720 2321; x_wconf 87' lang='lat' dir='ltr'><strong>banc</strong></span> <span class='ocrx_word' id='word_1_156' title='bbox 743 2255 782 2321; x_wconf 86' lang='lat' dir='ltr'><strong>de</strong></span> <span class='ocrx_word' id='word_1_157' title='bbox 802 2277 902 2321; x_wconf 88' lang='lat' dir='ltr'><strong>vacuo</strong></span> <span class='ocrx_word' id='word_1_158' title='bbox 921 2257 1155 2321; x_wconf 87' lang='lat' dir='ltr'><strong>contentionem</strong></span> <span class='ocrx_word' id='word_1_159' title='bbox 1173 2255 1366 2340; x_wconf 87' lang='lat' dir='ltr'><strong>redarguens</strong></span> <span class='ocrx_word' id='word_1_160' title='bbox 1385 2255 1548 2341; x_wconf 84' lang='lat' dir='ltr'><strong>Peripate·</strong></span> 
     </span>
     <span class='ocr_line' id='line_1_19' title="bbox 262 2362 1633 2448; baseline -0.001 -18"><span class='ocrx_word' id='word_1_161' title='bbox 262 2366 341 2430; x_wconf 89' lang='lat' dir='ltr'><strong>ticos</strong></span> <span class='ocrx_word' id='word_1_162' title='bbox 372 2385 542 2434; x_wconf 86' lang='lat' dir='ltr'><strong>unacum</strong></span> <span class='ocrx_word' id='word_1_163' title='bbox 575 2363 752 2448; x_wconf 76' lang='lat' dir='ltr'><strong>Epicureis.</strong></span> <span class='ocrx_word' id='word_1_164' title='bbox 807 2362 884 2428; x_wconf 92' lang='lat' dir='ltr'><strong>Huc</strong></span> <span class='ocrx_word' id='word_1_165' title='bbox 920 2363 1055 2427; x_wconf 87' lang='lat' dir='ltr'><strong>recurrit</strong></span> <span class='ocrx_word' id='word_1_166' title='bbox 1087 2362 1273 2430; x_wconf 85' lang='lat' dir='ltr'><strong>Oleomedes</strong></span> <span class='ocrx_word' id='word_1_167' title='bbox 1305 2365 1338 2427; x_wconf 93' lang='lat' dir='ltr'><strong>in</strong></span> <span class='ocrx_word' id='word_1_168' title='bbox 1373 2363 1548 2448; x_wconf 87' lang='lat' dir='ltr'><strong>appendice</strong></span> <span class='ocrx_word' id='word_1_169' title='bbox 1631 2429 1633 2434; x_wconf 82' lang='grc'>,</span> 
     </span>
     <span class='ocr_line' id='line_1_20' title="bbox 266 2470 1482 2556; baseline 0 -20"><span class='ocrx_word' id='word_1_170' title='bbox 266 2473 381 2556; x_wconf 89' lang='lat' dir='ltr'><strong>capitis</strong></span> <span class='ocrx_word' id='word_1_171' title='bbox 403 2472 507 2556; x_wconf 89' lang='lat' dir='ltr'><strong>primi,</strong></span> <span class='ocrx_word' id='word_1_172' title='bbox 530 2477 576 2554; x_wconf 89' lang='lat' dir='ltr'><strong>ut,</strong></span> <span class='ocrx_word' id='word_1_173' title='bbox 599 2470 684 2555; x_wconf 92' lang='lat' dir='ltr'><strong>quod</strong></span> <span class='ocrx_word' id='word_1_174' title='bbox 707 2476 804 2536; x_wconf 88' lang='lat' dir='ltr'><strong>antea</strong></span> <span class='ocrx_word' id='word_1_175' title='bbox 825 2471 960 2551; x_wconf 88' lang='lat' dir='ltr'><strong>strinxit,</strong></span> <span class='ocrx_word' id='word_1_176' title='bbox 983 2470 1080 2555; x_wconf 91' lang='lat' dir='ltr'><strong>paulo</strong></span> <span class='ocrx_word' id='word_1_177' title='bbox 1103 2471 1281 2536; x_wconf 86' lang='lat' dir='ltr'><strong>accuratius</strong></span> <span class='ocrx_word' id='word_1_178' title='bbox 1304 2478 1482 2555; x_wconf 84' lang='lat' dir='ltr'><strong>exponeret</strong></span> 
     </span>
    </p>

    <p class='ocr_par' dir='ltr' id='par_1_4' title="bbox 250 2576 1547 3414">
     <span class='ocr_line' id='line_1_21' title="bbox 355 2576 1547 2662; baseline -0.002 -16"><span class='ocrx_word' id='word_1_179' title='bbox 355 2578 392 2646; x_wconf 82' lang='lat'><strong>0.</strong></span> <span class='ocrx_word' id='word_1_180' title='bbox 437 2577 530 2644; x_wconf 88' lang='lat' dir='ltr'><strong>Haec</strong></span> <span class='ocrx_word' id='word_1_181' title='bbox 554 2601 625 2644; x_wconf 92' lang='lat' dir='ltr'><strong>cum</strong></span> <span class='ocrx_word' id='word_1_182' title='bbox 649 2579 827 2659; x_wconf 88' lang='lat' dir='ltr'><strong>statuimus,</strong></span> <span class='ocrx_word' id='word_1_183' title='bbox 857 2576 949 2642; x_wconf 88' lang='lat' dir='ltr'><strong>finita</strong></span> <span class='ocrx_word' id='word_1_184' title='bbox 979 2584 1028 2643; x_wconf 87' lang='lat' dir='ltr'><strong>est</strong></span> <span class='ocrx_word' id='word_1_185' title='bbox 1057 2578 1243 2661; x_wconf 89' lang='lat' dir='ltr'><strong>disquisitio,</strong></span> <span class='ocrx_word' id='word_1_186' title='bbox 1267 2600 1372 2661; x_wconf 92' lang='lat' dir='ltr'><strong>quam,</strong></span> <span class='ocrx_word' id='word_1_187' title='bbox 1395 2585 1432 2644; x_wconf 93' lang='lat' dir='ltr'><strong>ut</strong></span> <span class='ocrx_word' id='word_1_188' title='bbox 1453 2580 1547 2662; x_wconf 90' lang='lat' dir='ltr'><strong>primi</strong></span> 
     </span>
     <span class='ocr_line' id='line_1_22' title="bbox 259 2684 1543 2772; baseline -0.001 -20"><span class='ocrx_word' id='word_1_189' title='bbox 259 2688 373 2772; x_wconf 90' lang='lat' dir='ltr'><strong>prioris</strong></span> <span class='ocrx_word' id='word_1_190' title='bbox 405 2686 477 2752; x_wconf 91' lang='lat' dir='ltr'><strong>libri</strong></span> <span class='ocrx_word' id='word_1_191' title='bbox 510 2687 623 2771; x_wconf 87' lang='lat' dir='ltr'><strong>capitis</strong></span> <span class='ocrx_word' id='word_1_192' title='bbox 655 2706 835 2752; x_wconf 87' lang='lat' dir='ltr'><strong>erueremus</strong></span> <span class='ocrx_word' id='word_1_193' title='bbox 867 2685 978 2767; x_wconf 87' lang='lat' dir='ltr'><strong>fontes,</strong></span> <span class='ocrx_word' id='word_1_194' title='bbox 1009 2686 1213 2750; x_wconf 90' lang='lat' dir='ltr'><strong>instituimus.</strong></span> <span class='ocrx_word' id='word_1_195' title='bbox 1258 2684 1305 2750; x_wconf 82' lang='lat' dir='ltr'><strong>Et</strong></span> <span class='ocrx_word' id='word_1_196' title='bbox 1331 2685 1426 2770; x_wconf 89' lang='lat' dir='ltr'><strong>plane</strong></span> <span class='ocrx_word' id='word_1_197' title='bbox 1455 2686 1543 2751; x_wconf 89' lang='lat' dir='ltr'><strong>aliud</strong></span> 
     </span>
     <span class='ocr_line' id='line_1_23' title="bbox 259 2791 1543 2878; baseline 0 -19"><span class='ocrx_word' id='word_1_198' title='bbox 259 2794 338 2878; x_wconf 92' lang='lat' dir='ltr'><strong>quid</strong></span> <span class='ocrx_word' id='word_1_199' title='bbox 374 2792 535 2860; x_wconf 83' lang='lat' dir='ltr'><strong>effecimus</strong></span> <span class='ocrx_word' id='word_1_200' title='bbox 576 2815 614 2860; x_wconf 90' lang='lat' dir='ltr'><strong>ac</strong></span> <span class='ocrx_word' id='word_1_201' title='bbox 656 2792 800 2858; x_wconf 87' lang='lat' dir='ltr'><strong>Mueller.</strong></span> <span class='ocrx_word' id='word_1_202' title='bbox 848 2791 1063 2876; x_wconf 76' lang='lat' dir='ltr'><strong>Oogrrovimus</strong></span> <span class='ocrx_word' id='word_1_203' title='bbox 1101 2793 1185 2856; x_wconf 88' lang='lat' dir='ltr'><strong>enim</strong></span> <span class='ocrx_word' id='word_1_204' title='bbox 1226 2792 1433 2857; x_wconf 91' lang='lat' dir='ltr'><strong>Posidonium</strong></span> <span class='ocrx_word' id='word_1_205' title='bbox 1474 2815 1543 2859; x_wconf 93' lang='lat' dir='ltr'><strong>esse</strong></span> 
     </span>
     <span class='ocr_line' id='line_1_24' title="bbox 261 2899 1543 2986; baseline -0.002 -19"><span class='ocrx_word' id='word_1_206' title='bbox 261 2903 423 2968; x_wconf 89' lang='lat' dir='ltr'><strong>minimam</strong></span> <span class='ocrx_word' id='word_1_207' title='bbox 443 2908 566 2986; x_wconf 87' lang='lat' dir='ltr'><strong>partem</strong></span> <span class='ocrx_word' id='word_1_208' title='bbox 585 2907 747 2966; x_wconf 88' lang='lat' dir='ltr'><strong>auctorem</strong></span> <span class='ocrx_word' id='word_1_209' title='bbox 765 2899 859 2966; x_wconf 91' lang='lat' dir='ltr'><strong>huius</strong></span> <span class='ocrx_word' id='word_1_210' title='bbox 878 2901 1000 2984; x_wconf 78' lang='lat' dir='ltr'><strong>capitia,</strong></span> <span class='ocrx_word' id='word_1_211' title='bbox 1024 2901 1141 2984; x_wconf 83' lang='lat' dir='ltr'><strong>quippe</strong></span> <span class='ocrx_word' id='word_1_212' title='bbox 1164 2921 1226 2982; x_wconf 93' lang='lat' dir='ltr'><strong>quo</strong></span> <span class='ocrx_word' id='word_1_213' title='bbox 1248 2901 1471 2966; x_wconf 90' lang='lat' dir='ltr'><strong>contineantur</strong></span> <span class='ocrx_word' id='word_1_214' title='bbox 1493 2923 1543 2965; x_wconf 89' lang='lat' dir='ltr'><strong>res</strong></span> 
     </span>
     <span class='ocr_line' id='line_1_25' title="bbox 261 3006 1544 3091; baseline -0.002 -17"><span class='ocrx_word' id='word_1_215' title='bbox 261 3007 345 3074; x_wconf 89' lang='lat' dir='ltr'><strong>illius</strong></span> <span class='ocrx_word' id='word_1_216' title='bbox 364 3009 526 3075; x_wconf 85' lang='lat' dir='ltr'><strong>doctrinae</strong></span> <span class='ocrx_word' id='word_1_217' title='bbox 545 3009 730 3074; x_wconf 84' lang='lat' dir='ltr'><strong>contrariae.</strong></span> <span class='ocrx_word' id='word_1_218' title='bbox 761 3007 979 3091; x_wconf 83' lang='lat' dir='ltr'><strong>Oornpositum</strong></span> <span class='ocrx_word' id='word_1_219' title='bbox 998 3013 1048 3071; x_wconf 90' lang='lat' dir='ltr'><strong>est</strong></span> <span class='ocrx_word' id='word_1_220' title='bbox 1064 3008 1170 3091; x_wconf 90' lang='lat' dir='ltr'><strong>potius</strong></span> <span class='ocrx_word' id='word_1_221' title='bbox 1189 3028 1228 3071; x_wconf 87' lang='lat' dir='ltr'><strong>ex</strong></span> <span class='ocrx_word' id='word_1_222' title='bbox 1247 3007 1405 3072; x_wconf 88' lang='lat' dir='ltr'><strong>variorum</strong></span> <span class='ocrx_word' id='word_1_223' title='bbox 1417 3006 1544 3073; x_wconf 81' lang='lat' dir='ltr'><strong>Stoicae</strong></span> 
     </span>
     <span class='ocr_line' id='line_1_26' title="bbox 250 3095 1545 3200; baseline -0.003 -18"><span class='ocrx_word' id='word_1_224' title='bbox 250 3095 385 3182; x_wconf 59' lang='lat' dir='ltr'><strong>⁸scholae</strong></span> <span class='ocrx_word' id='word_1_225' title='bbox 418 3115 678 3200; x_wconf 85' lang='lat' dir='ltr'><strong>philosophorum</strong></span> <span class='ocrx_word' id='word_1_226' title='bbox 709 3115 882 3180; x_wconf 75' lang='lat' dir='ltr'><strong>sententiis.</strong></span> <span class='ocrx_word' id='word_1_227' title='bbox 930 3113 1115 3180; x_wconf 83' lang='lat' dir='ltr'><strong>Oleonredes</strong></span> <span class='ocrx_word' id='word_1_228' title='bbox 1138 3115 1170 3178; x_wconf 92' lang='lat' dir='ltr'><strong>in</strong></span> <span class='ocrx_word' id='word_1_229' title='bbox 1194 3115 1374 3178; x_wconf 85' lang='lat' dir='ltr'><strong>universum</strong></span> <span class='ocrx_word' id='word_1_230' title='bbox 1403 3116 1545 3197; x_wconf 85' lang='lat' dir='ltr'><strong>sequitur</strong></span> 
     </span>
     <span class='ocr_line' id='line_1_27' title="bbox 260 3220 1543 3308; baseline -0.004 -19"><span class='ocrx_word' id='word_1_231' title='bbox 260 3224 437 3308; x_wconf 83' lang='lat' dir='ltr'><strong>generalem</strong></span> <span class='ocrx_word' id='word_1_232' title='bbox 468 3222 609 3288; x_wconf 85' lang='lat' dir='ltr'><strong>Stoicam</strong></span> <span class='ocrx_word' id='word_1_233' title='bbox 640 3222 826 3302; x_wconf 84' lang='lat' dir='ltr'><strong>doctrinam,</strong></span> <span class='ocrx_word' id='word_1_234' title='bbox 849 3244 945 3305; x_wconf 88' lang='lat' dir='ltr'><strong>quam</strong></span> <span class='ocrx_word' id='word_1_235' title='bbox 968 3222 1138 3306; x_wconf 84' lang='lat' dir='ltr'><strong>praecipue</strong></span> <span class='ocrx_word' id='word_1_236' title='bbox 1161 3243 1182 3286; x_wconf 87' lang='lat' dir='ltr'><strong>a</strong></span> <span class='ocrx_word' id='word_1_237' title='bbox 1205 3220 1383 3305; x_wconf 77' lang='lat' dir='ltr'><strong>Chrysippo</strong></span> <span class='ocrx_word' id='word_1_238' title='bbox 1406 3221 1543 3304; x_wconf 89' lang='lat' dir='ltr'><strong>pendere</strong></span> 
     </span>
     <span class='ocr_line' id='line_1_28' title="bbox 259 3327 1328 3414; baseline -0.003 -19"><span class='ocrx_word' id='word_1_239' title='bbox 259 3330 470 3414; x_wconf 86' lang='lat' dir='ltr'><strong>probavimus,</strong></span> <span class='ocrx_word' id='word_1_240' title='bbox 493 3337 526 3394; x_wconf 87' lang='lat' dir='ltr'><strong>et</strong></span> <span class='ocrx_word' id='word_1_241' title='bbox 547 3352 650 3414; x_wconf 89' lang='lat' dir='ltr'><strong>pauca</strong></span> <span class='ocrx_word' id='word_1_242' title='bbox 674 3334 798 3394; x_wconf 88' lang='lat' dir='ltr'><strong>tantum</strong></span> <span class='ocrx_word' id='word_1_243' title='bbox 822 3331 966 3393; x_wconf 83' lang='lat' dir='ltr'><strong>immixta</strong></span> <span class='ocrx_word' id='word_1_244' title='bbox 989 3337 1064 3393; x_wconf 89' lang='lat' dir='ltr'><strong>sunt</strong></span> <span class='ocrx_word' id='word_1_245' title='bbox 1086 3349 1125 3392; x_wconf 86' lang='lat' dir='ltr'><strong>ex</strong></span> <span class='ocrx_word' id='word_1_246' title='bbox 1148 3327 1328 3392; x_wconf 70' lang='lat' dir='ltr'><strong>Posidonio,</strong></span> 
     </span>
    </p>
   </div>
   <div class='ocr_carea' id='block_1_3' title="bbox 0 0 1820 5144">
    <p class='ocr_par' dir='ltr' id='par_1_5' title="bbox 0 0 1820 5144">
     <span class='ocr_line' id='line_1_29' title="bbox 0 0 1820 5144; baseline 0 4"><span class='ocrx_word' id='word_1_247' title='bbox 0 0 1820 5144; x_wconf 95' lang='lat' dir='ltr'><strong> </strong></span> 
     </span>
    </p>
   </div>
  </div>
 </body>
</html>
