3618 5164
758 335 978 398 ..59-

229 551 269 594 ox
300 527 571 613 disquisitionibus
602 528 766 613 intelleges
800 567 838 578 -
873 529 958 613 quod
981 531 1024 596 ad
1046 535 1188 596 nostrmn
1210 532 1408 616 propositum
1433 531 1508 596 milri

229 636 356 722 quidem
379 637 494 702 summi
517 658 585 702 esse
608 637 759 702 momenti
778 637 903 702 videtur
921 637 1157 720 -Platonem,
1180 637 1360 718 Eudoxum,
1383 636 1508 705 Aristo·

229 744 324 810 telem
345 742 431 809 hunc
453 745 601 809 statuisse
624 744 780 810 ordinem:
825 743 928 826 Luna,
960 742 1025 826 Sol,
1048 744 1169 828 Venus,
1199 745 1386 826 Mercurius,
1409 744 1509 827 Mars,

228 851 389 936 duppiter,
413 849 581 917 Saturnus.
630 850 778 917 Eandem
811 853 948 917 servavit
978 853 1090 919 seriem
1124 852 1321 939 Chrysippus
1348 851 1385 918 cf.
1409 851 1510 935 Diels,

229 958 371 1042 Doxogr.
395 955 452 1026 Gr.
474 981 508 1043 p.
529 960 746 1040 malo-13.
791 957 914 1025 Notum
937 965 986 1024 est
1008 960 1194 1042 doctrinam,
1218 959 1392 1026 seeundum
1414 981 1510 1044 quam

229 1067 369 1132 terrain
392 1073 500 1132 centro
522 1066 633 1131 mundi
656 1071 705 1131 est
726 1066 838 1150 posita,
862 1087 931 1131 esse
953 1067 1113 1151 repulsam
1132 1067 1173 1132 ab
1192 1064 1380 1133 Aristarcho
1400 1066 1511 1134 Samio

230 1179 263 1239 et
285 1172 428 1256 Seleuco,
457 1173 511 1258 qui
534 1173 653 1238 circum
676 1174 775 1239 solem
798 1173 969 1258 circumagi
991 1173 1145 1240 mundum
1169 1180 1366 1241 censuerunt.
1414 1173 1511 1259 Quod

229 1302 331 1366 neque
349 1281 523 1346 Panaetius
546 1302 647 1364 neque
665 1280 856 1347 Posidonius
878 1280 1044 1367 neglegere
1066 1287 1246 1367 potuerunt
1292 1281 1378 1347 Nam
1401 1303 1510 1366 quam-

144 1441 145 1444 *
229 1410 326 1473 quam
353 1393 389 1454 ut
415 1389 448 1452 in
472 1389 583 1453 ceteris
606 1387 700 1454 rebus
723 1389 768 1454 sic
791 1390 824 1453 in
847 1390 1066 1455 astronomicis
1084 1389 1239 1471 Platoni¹)
1262 1411 1331 1454 sose
1350 1389 1512 1474 applicare

230 1495 409 1578 studebant,
442 1500 550 1562 tamen
581 1494 850 1580 philosophorum,
882 1497 936 1581 qui
969 1498 1120 1581 proximis
1152 1495 1346 1580 temporibus
1378 1496 1512 1577 funerant,

229 1604 385 1669 rationem
407 1602 587 1669 habuerunt
609 1607 742 1685 tautum,
766 1608 811 1685 ut,
834 1605 920 1688 quod
942 1605 965 1669 ii
986 1603 1147 1669 evidenter
1169 1608 1403 1688 perspexerant,
1432 1603 1509 1669 reci-

229 1716 354 1796 perent3
374 1710 481 1794 itaque
498 1709 567 1775 fieri
585 1731 649 1775 non
667 1711 779 1794 potuit,
798 1717 834 1776 ut
850 1712 908 1778 soli
919 1712 1054 1777 eundem
1063 1710 1168 1776 locrun
1178 1733 1216 1776 ac
1225 1711 1319 1776 Plato
1330 1710 1513 1776 tribuerent

230 1817 421 1884 Posidonius
453 1822 560 1883 autem
592 1822 758 1901 tantopere
789 1817 961 1902 superabat
989 1819 1174 1902 magistrum
1205 1818 1310 1883 studio
1333 1817 1513 1900 Platonisl),

230 1930 268 1991 ut
288 1925 382 1990 unius
405 1923 481 1991 solis
502 1923 573 1990 loeo
595 1929 719 1990 mutato
743 1931 927 2009 sequeretur
948 1927 1033 1991 illius
1056 1925 1242 2007 doctrinam,
1271 1947 1335 1990 non
1357 1925 1514 2006 Panaetii,

230 2032 285 2117 qui
303 2031 499 2098 Mercurium
517 2037 667 2117 posuerat
689 2031 772 2097 inter
793 2031 902 2098 lunam
921 2039 953 2098 et
970 2032 1139 2100 Venerem.
1184 2032 1248 2097 His
1271 2033 1421 2117 expositis
1443 2053 1513 2117 per·

231 2140 377 2224 spicuum
407 2160 476 2204 esse
506 2138 640 2220 confido,
672 2139 831 2223 quomodo
860 2139 929 2205 fieri
958 2141 1105 2225 potuerit,
1141 2146 1177 2206 ut
1204 2135 1395 2205 Posidonius
1416 2138 1514 2204 talem

231 2246 396 2313 exhiberet
418 2247 581 2312 stellarum
604 2247 777 2313 errantium
801 2247 951 2314 ordinem.

321 2369 437 2439 Nonne
455 2394 549 2458 porro
568 2373 683 2438 mirum
701 2378 750 2438 est
768 2372 902 2438 eandem
919 2374 1031 2438 seriem
1046 2373 1186 2439 exhiberi
1196 2374 1293 2438 etiam
1301 2373 1514 2458 inscriptione,

152 2545 156 2551 .
232 2502 314 2564 quae
343 2478 506 2546 Posidonii
536 2478 730 2564 temporibus
759 2480 866 2546 Rhodi
894 2486 944 2546 est
965 2479 1073 2546 facta?
1119 2480 1157 2547 cf.
1180 2481 1279 2546 Inscr.
1305 2479 1361 2547 Gr.
1385 2480 1514 2545 insular.

232 2587 329 2652 maris
351 2586 436 2672 Aeg.
457 2587 477 2652 Ι
499 2588 619 2672 (1895),
643 2610 674 2652 n.
698 2590 771 2669 913,
793 2610 825 2672 p.
850 2591 922 2654 148.

320 2710 453 2778 Addam
475 2711 550 2779 hoc:
599 2711 683 2780 Sunt
705 2713 895 2798 cognomina
912 2713 1012 2780 stellis
1030 2713 1217 2795 errarrtibus,
1242 2736 1324 2799 quae
1347 2712 1516 2778 traduntur

232 2819 468 2887 locislaudatis.
513 2818 569 2886 Ab
580 2820 726 2886 omnibus
735 2842 837 2905 paene
848 2819 1007 2888 Saturnus
1017 2821 1197 2906 appellatur
1210 2823 1346 2897 Φαίνων,
1365 2821 1390 2886 J
1391 2821 1516 2904 uppiter

237 2929 386 3004 Φαέθων,
396 2927 489 2993 Mars
499 2928 647 3013 Πυρόεις,
658 2927 837 2993 Mercurius
844 2929 997 3013 Στίλβων,
1004 2927 1115 2997 Venus
1121 2931 1310 3014 Ἑωσφόρος
1319 2927 1369 2993 vel
1374 2929 1514 3013 Φωσφό-

233 3061 290 3121 ρος
299 3034 516 3121 νοΙἜοπερος.
544 3035 757 3101 Inveniuntur
766 3041 872 3101 autem
882 3037 979 3102 etiam
989 3036 1134 3103 nonnulli
1143 3037 1213 3118 loci,
1223 3035 1337 3120 quibus
1348 3035 1516 3120 scriptores

233 3165 298 3209 non
321 3142 400 3208 satis
422 3141 543 3208 habent
565 3165 664 3208 unum
686 3142 801 3208 referre
824 3165 1007 3228 cognomen,
1038 3143 1095 3208 sed
1123 3142 1178 3209 ubi
1208 3144 1271 3209 duo
1294 3148 1428 3208 exstant
1473 3142 1514 3206 In

233 3249 283 3315 his
312 3248 480 3341 estlTheo
510 3248 713 3335 Smyrnaeus
745 3251 799 3334 qui
828 3273 859 3335 p.
885 3254 1002 3333 130,‘24
1025 3251 1115 3316 dicit:
1160 3252 1298 3335 πυρόεις,
1331 3253 1368 3315 ὃν
1393 3251 1515 3334 Ἄρεως

234 3359 391 3433 καλοῦσιν,
416 3361 447 3423 οἱ
470 3359 504 3423 δὲ
523 3358 762 3442 Ἡρακλέους.
808 3357 894 3424 Miro
924 3359 1061 3443 quodam
1090 3358 1184 3425 modo
1213 3358 1369 3423 consentit
1390 3356 1516 3422 Plinius

234 3487 265 3530 n.
282 3463 314 3530 h.
336 3464 374 3529 Π
398 3468 417 3548 §
441 3468 497 3530 34:
544 3464 706 3546 „Tertium
729 3464 846 3530 Martis
868 3469 922 3550 (sc.
942 3465 1050 3548 sidus),
1073 3464 1158 3550 quod
1181 3464 1310 3549 quidam
1334 3463 1516 3529 Herculis

234 3576 380 3653 vooarrt“;
409 3577 442 3637 et
464 3571 554 3637 addit
577 3575 596 3656 ξ
621 3576 677 3637 39:
723 3571 895 3654 „Mercurii
925 3573 1021 3654 sidus,
1054 3596 1074 3638 a
1102 3572 1291 3657 quibusdam
1321 3571 1517 3655 appellatum

173 3717 175 3721 ·
234 3677 460 3764 Apollinis.“
540 3678 631 3764 Quae
673 3681 862 3764 cognomina
902 3681 999 3745 otiam
1039 3680 1174 3764 legimus
1214 3680 1249 3744 iu
1289 3678 1342 3744 Ps.
1383 3675 1516 3742 Aristot

236 3788 308 3870 περὶ
330 3788 456 3872 κόσμου
479 3809 510 3872 p.
534 3789 626 3852 392a
649 3790 706 3851 25:
752 3790 771 3852 ὁ
789 3788 929 3872 Πυρόεις
940 3788 1136 3871 Ἡρακλέους
1153 3813 1184 3852 τε
1203 3788 1257 3852 καὶ
1267 3788 1378 3869 Ἄρεος
1394 3809 1515 3869 προσα-

236 3895 456 3980 γορευόμενος·
479 3897 551 3980 ἑξῆς
575 3895 609 3959 δὲ
632 3897 650 3960 ὁ
673 3896 830 3980 Στίλβων,
855 3898 892 3960 ὃν
915 3895 1000 3979 ἱερὸν
1018 3895 1139 3979 Ἑρμοῦ
1162 3896 1311 3959 καλοῦσιν
1334 3896 1417 3968 ἔνιοι,
1440 3893 1517 3964 τινὲς

238 4002 272 4067 dl
290 4002 532 4074 Ἀπόλλωνος.
578 4001 655 4068 Huc
676 4003 814 4087 pertinet
832 4004 928 4067 etiam
948 4000 1087 4067 Achillis
1106 4002 1184 4084 isag.
1204 4023 1230 4067 c.
1251 4004 1301 4083 17,
1323 4001 1450 4084 p.43‚15
1461 3998 1517 4081 Μ,

236 4109 291 4194 qui
313 4108 402 4174 locus
423 4107 502 4174 mihi
525 4111 607 4175 tanti
629 4111 780 4175 momenti
804 4132 872 4176 esse
896 4109 1029 4191 videtur,
1056 4114 1093 4175 ut
1119 4107 1295 4174 exscribam
1319 4130 1404 4173 eum:
1446 4108 1518 4192 περὶ

238 4217 273 4282 δὲ
294 4221 360 4282 τῶν
382 4217 550 4302 ὀνομάτων
572 4219 678 4284 αὐτῶν
700 4219 754 4303 (sc.
777 4217 957 4302 πλανητῶν)
978 4217 1032 4282 καὶ
1054 4223 1109 4282 τοῦ
1136 4217 1256 4300 χρόνου
1286 4217 1420 4281 ἑκάστου
1449 4216 1516 4280 ὀιο-

328 4449 349 4519 ¹)
367 4450 403 4505 cf.
421 4449 482 4506 Gal.
500 4449 573 4520 plac.
591 4449 679 4521 Hipp.
698 4455 725 4505 et
743 4449 785 4505 Pl.
804 4469 833 4521 p.
852 4453 904 4505 ³62
923 4447 955 4504 Μ
974 4450 1037 4519 (390
1056 4449 1109 4518 Κ);
1138 4452 1191 4503 396
1210 4466 1250 4518 sq.
1269 4447 1301 4502 M
1325 4447 1387 4516 (420
1406 4464 1446 4516 sq.
1466 4445 1517 4516 K).

238 4520 526 4664 {Ahdlebdh'lldtbb
534 4525 605 4663 3⁸th
628 4527 783 4592 Sto-³84,
811 4526 877 4592 400;
905 4525 957 4576 464
977 4538 1030 4590 sq.;
1050 4524 1111 4576 477.
1147 4519 1251 4590 Hirsel,
1270 4517 1516 4588 Uutersuehungen

328 4681 351 4754 ¹)
369 4683 403 4740 er.
426 4683 580 4754 stanam,
600 4682 617 4739 1.
636 4683 654 4738 1.
674 4687 726 4740 aso
745 4702 785 4754 sq.
822 4682 959 4740 susum
977 4683 995 4738 1.
1014 4682 1032 4737 1.
1051 4681 1092 4752 11,
1111 4701 1139 4753 p.
1160 4685 1222 4738 raa.
