3632 5144
805 347 1026 410 -35„..

357 540 423 609 Sed
446 541 510 606 iam
533 541 745 625 perducamus
768 542 801 605 in
824 539 920 606 finem
944 546 1084 606 nostram
1109 540 1148 605 de
1172 543 1344 606 certamine
1362 542 1550 627 Peripateti·

267 671 376 714 corum
399 655 432 714 et
455 647 635 732 Cleomedis
662 649 928 732 disquisitionem
962 650 1052 712 cuius
1083 648 1122 712 dc
1155 654 1295 714 extrema
1327 657 1417 734 perte
1449 672 1554 734 pauca

267 756 437 821 sufficiunt
484 753 580 839 Quod
603 777 623 820 a
645 755 867 840 Peripateticis
891 761 1002 821 contra
1034 757 1222 820 immensum
1254 779 1388 822 vacnum
1421 759 1553 841 proferri

267 863 454 930 Cleomedes
473 867 515 947 (p.
538 864 710 945 lae-15)
734 868 968 943 commemorat,
990 884 1025 928 re
1048 885 1123 927 vera
1145 865 1303 928 invenitur
1321 865 1406 947 apud
1426 863 1551 930 Aristo·

266 971 369 1052 telem,
385 970 482 1056 Phys.
491 969 558 1051 III,
568 973 599 1051 4,
609 969 700 1036 abab
718 972 769 1052 25,
788 969 843 1034 ubi
852 971 885 1034 in
895 970 1115 1036 Democritum
1126 970 1297 1051 invehitur3
1318 971 1354 1036 cf.
1366 969 1552 1056 Simplicin

266 1073 498 1158 Ar.'Ph.111,
521 1079 552 1158 4,
574 1099 605 1162 p.
628 1079 704 1158 467,
729 1079 770 1142 16
794 1076 896 1152 Diels,

357 1186 406 1250 ὸὸ.
451 1184 548 1251 Nunc
566 1182 879 1268 comprehendamus,
898 1205 979 1267 quae
998 1205 1037 1249 ex
1052 1182 1231 1251 Stoicorum
1249 1208 1320 1250 cum
1330 1185 1551 1270 Peripateticis

265 1293 479 1378 disputatione
490 1291 661 1357 effecimus
708 1289 850 1357 Stoicam
870 1289 909 1355 de
928 1312 1028 1357 vacuo
1048 1291 1225 1358 doctrinam
1242 1293 1357 1360 iamab
1369 1296 1550 1361 auctoribus

263 1399 398 1482 scholae,
421 1399 508 1465 velut
525 1422 546 1464 a
565 1398 751 1484 Chrysippo,
775 1419 843 1463 esse
867 1397 1030 1464 defensam
1056 1398 1211 1463 adversus
1234 1400 1313 1464 alios
1336 1400 1549 1486 philosophos,

263 1508 328 1573 veri
352 1507 454 1572 simile
478 1512 534 1572 est.
582 1504 707 1589 Quibus
736 1506 770 1570 in
801 1505 1082 1590 disceptationibus
1115 1512 1218 1570 certas
1249 1507 1404 1590 quasdam
1427 1516 1549 1575 contro·

263 1616 381 1682 versiae
415 1616 529 1681 iterum
562 1619 657 1697 atque
690 1614 804 1678 iterum
837 1618 923 1678 certo
955 1613 1065 1679 ordine
1099 1635 1167 1678 esse
1200 1621 1353 1680 tractatas
1381 1616 1484 1681 elucet
1511 1640 1550 1683 ex

265 1722 422 1789 similibus
442 1719 622 1787 Cleomedis
641 1726 674 1786 et
691 1718 870 1786 Alexandri
888 1719 1150 1806 Aphrodisiensis
1173 1722 1251 1787 locis
1274 1744 1371 1807 supra
1388 1727 1431 1808 (p.
1441 1727 1483 1789 28
1493 1726 1550 1808 sq.)

264 1830 464 1914 comparatis.
529 1828 693 1894 Usitatum
730 1827 815 1893 hunc
851 1828 994 1894 ordinem
1028 1827 1214 1894 Cleomedes
1248 1850 1373 1913 qnoque
1407 1852 1548 1896 servasse

263 1937 395 2018 videtur,
428 1942 535 2002 tamen
567 1956 631 2001 uno
658 1934 728 2001 loco
756 1935 841 2000 viam
869 1935 986 2017 tritam,
1020 1942 1054 2001 ut
1078 1936 1124 2000 ita
1147 1935 1260 2018 dicam,
1292 1936 1419 2020 reliquit
1441 1960 1471 2022 p.
1498 1941 1548 2021 10,

265 2046 405 2110 18-23.
449 2043 497 2109 nt
518 2043 579 2109 hoc
601 2064 665 2108 uno
688 2043 757 2108 loco
780 2064 842 2108 non
865 2041 1086 2128 Chrysippmn,
1110 2049 1146 2108 nt
1164 2044 1196 2108 in
1215 2044 1344 2128 reliquis
1362 2044 1426 2109 fere
1444 2045 1547 2127 rebus,

265 2150 322 2216 sed
344 2149 550 2217 Posidonium
574 2151 723 2234 seqnitur.
769 2150 881 2216 Utitur
903 2150 987 2215 enim
1011 2155 1206 2233 argumento,
1234 2150 1320 2234 quod
1341 2150 1548 2236 philosophus

261 2257 409 2325 Rhodius
431 2256 557 2323 induxit
578 2259 611 2322 in
634 2257 718 2323 hanc
741 2257 781 2323 de
800 2279 900 2323 vacuo
919 2259 1153 2323 contentionem
1171 2258 1364 2342 redarguens
1383 2258 1546 2343 Peripate·

260 2367 339 2432 ticos
370 2387 436 2431 una
457 2387 540 2436 ‚cum
573 2365 750 2450 Ilpieureis.
805 2364 882 2430 Huc
918 2365 1053 2429 recmrit
1085 2364 1271 2432 Oleomedes
1303 2367 1336 2430 in
1371 2366 1546 2450 appendice
1629 2431 1631 2436 .

264 2474 379 2558 capitis
401 2474 505 2557 primi,
529 2479 574 2556 ut,
596 2472 682 2557 quod
705 2477 801 2538 antea
823 2473 958 2554 strinxit,
981 2473 1078 2557 paulo
1101 2474 1279 2538 accuratius
1302 2480 1480 2558 exponeret.

353 2580 389 2648 O.
435 2580 529 2646 Haec
552 2602 624 2646 cum
647 2581 825 2661 statuimus,
855 2578 947 2644 finita
977 2586 1026 2645 est
1055 2580 1241 2663 disquisitio,
1265 2603 1370 2664 quam,
1393 2588 1430 2645 nt
1451 2583 1545 2666 primi

257 2689 371 2773 prioris
403 2688 474 2754 libri
508 2689 621 2773 capitis
653 2708 834 2754 erueremus
865 2687 976 2769 fontes,
1007 2688 1211 2753 instituimus.
1257 2687 1303 2752 Et
1329 2688 1424 2772 plane
1453 2689 1541 2754 aliud

258 2796 335 2880 quid
372 2794 533 2861 effecimus
574 2817 612 2862 ac
654 2794 798 2860 Mueller.
846 2793 1061 2878 Cognovimus
1098 2796 1183 2858 enim
1224 2794 1430 2861 Posidonium
1472 2819 1541 2861 esse

259 2905 421 2969 minimam
440 2910 563 2987 partem
583 2909 745 2968 auctorem
763 2901 857 2968 huius
876 2903 998 2986 capitis,
1022 2903 1138 2987 qnippe
1162 2924 1224 2985 quo
1247 2904 1470 2968 contineantur
1491 2926 1541 2968 res

248 3008 343 3105 illius
362 3010 524 3075 doctrinae
543 3011 728 3076 contrariae.
759 3008 977 3093 Oompositnm
997 3015 1046 3074 est
1063 3010 1168 3093 potins
1188 3031 1227 3073 ex
1245 3010 1403 3074 variorum
1415 3009 1541 3076 Stoicae

251 3109 383 3183 ‘scholae
416 3116 676 3202 philosophorum
707 3117 880 3182 sententiis.
928 3116 1113 3182 Cleomedes
1136 3117 1169 3180 in
1192 3118 1373 3181 universum
1402 3119 1542 3199 sequitur

258 3225 435 3309 generalem
465 3223 607 3290 Stoicam
637 3223 824 3304 doctrinam,
847 3246 943 3307 quam
966 3224 1136 3308 praecipue
1159 3245 1180 3288 a
1204 3222 1381 3308 Chrysippo
1404 3224 1541 3307 pendere

257 3332 467 3415 probavimus,
491 3338 524 3395 et
545 3353 648 3415 pauca
672 3336 796 3396 tantum
819 3333 964 3396 immixta
987 3339 1062 3395 sunt
1084 3351 1123 3394 ex
1146 3330 1326 3395 Posidonia
