3632 5144
830 340 1048 404 ,2ο-

296 539 338 600 511
359 537 491 615 variata,
515 540 670 618 quantum
688 555 746 618 pro
764 537 926 617 paucitate
945 535 1085 601 locorum
1105 537 1294 601 traditorum
1313 539 1449 620 perspici
1468 542 1579 620 potest.

298 643 448 721 Zenonis,
468 643 606 708 auctoris
625 641 751 707 scholae
771 639 907 723 Stoicae,
927 644 1084 707 sententia
1103 643 1145 708 ad
1163 664 1220 708 nos
1235 646 1385 727 pervenit,
1410 643 1485 708 Act.
1499 645 1579 727 plac.

300 751 324 831 l,
349 753 400 830 27,
425 753 453 831 5,
477 772 506 832 p.
532 751 595 814 322
620 749 703 814 Dox.
728 749 832 814 Diels:
879 753 984 833 ἥνιινα
1020 753 1072 834 (55.
1106 751 1309 836 εἱμαρμένην)
1342 752 1387 834 μὴ
1422 753 1580 835 διαφέρειν

296 860 449 943 πρόνοιαν
471 857 525 921 καὶ
548 859 660 939 φύσιν
683 858 794 922 καλεῖν.
851 857 965 940 115555
998 878 1061 922 555
1095 857 1262 942 distinguit
1294 864 1450 939 naturam,
1479 859 1580 941 prori-

297 966 446 1045 dentiam,
478 961 587 1028 fatum.
635 962 832 1048 Chrysippus
863 963 947 1029 hanc
979 965 1115 1029 servavit
1148 964 1332 1046 doctrinam,
1365 965 1402 1029 cf.
1432 964 1516 1029 Plut.
1541 965 1580 1028 de

299 1070 394 1138 Stoic.
422 1093 486 1154 rep.
515 1093 540 1135 c.
575 1072 624 1152 34,
655 1073 740 1136 1050
768 1067 871 1152 ABG,
902 1071 957 1136 ubi
989 1071 1098 1136 mundi
1130 1077 1246 1136 natura
1278 1071 1458 1155 appellatur
1489 1073 1578 1155 κοινὴ

184 1161 187 1166 “
300 1181 408 1263 praa
442 1174 515 1242 Aet.
542 1177 622 1262 pao.
652 1177 680 1258 1,
704 1180 755 1259 aa,
779 1182 809 1259 a,
832 1201 862 1262 p.
886 1182 960 1260 323,
985 1181 1026 1244 ro
1054 1179 1195 1263 noxogr.
1224 1178 1329 1260 mas,
1362 1178 1487 1244 rinos.
1510 1180 1581 1263 περ

299 1289 398 1369 sucat.
426 1288 464 1349 11
492 1315 532 1340 =
559 1284 624 1351 Oic.
644 1284 684 1350 de
702 1291 767 1350 nat.
787 1284 871 1351 deor.
892 1285 918 1367 I,
939 1289 989 1367 15,
1014 1289 1055 1351 39
1079 1288 1122 1370 (p.
1142 1289 1205 1350 515
1230 1285 1313 1351 Dox.
1333 1285 1450 1369 Diels);
1475 1284 1581 1350 Laert.

297 1393 393 1477 Diog.
417 1391 496 1474 VII,
523 1396 583 1459 135
609 1398 685 1456 extr.
738 1391 836 1458 Hanc
868 1398 975 1459 autem
1009 1395 1207 1475 sententiam,
1239 1414 1303 1477 qua
1334 1394 1416 1458 inter
1450 1415 1483 1458 55
1516 1414 1580 1457 555

298 1500 449 1584 distingui
472 1505 620 1564 naturam
643 1498 762 1576 mundi,
795 1500 898 1582 deum,
930 1499 1170 1584 providentiam,
1203 1500 1313 1581 fatum,
1345 1501 1500 1565 rationem
1526 1499 1580 1564 (15-

298 1608 444 1688 claratur,
475 1628 538 1672 non
570 1612 696 1672 secutus
719 1612 768 1672 est
789 1606 989 1672 Posidonius.
1035 1606 1187 1691 Legimus
1209 1608 1293 1673 enim
1316 1606 1376 1673 hoc
1399 1606 1473 1672 Aet.
1498 1607 1580 1691 5155.

299 1715 325 1795 Ι,
345 1718 396 1794 28,
417 1718 435 1778 5
455 1737 484 1798 p.
502 1716 567 1779 324
586 1713 691 1779 Diels:
738 1715 954 1786 Ποσειδώνιος
976 1717 1079 1800 τρίτην
1102 1715 1166 1780 ἀπὸ
1189 1716 1263 1788 Διός
1293 1715 1370 1799 (scil.
1394 1717 1581 1799 ἀπεφαίνετο

297 1821 510 1905 εἱμαρμένην)·
543 1827 671 1905 πρῶτον
703 1823 762 1904 μὲν
786 1821 845 1906 γὰρ
870 1825 945 1887 εἶναι
975 1822 1026 1887 ιὸν
1048 1823 1115 1897 Δία,
1149 1823 1293 1907 δεύτερον
1326 1824 1361 1888 δὲ
1392 1823 1447 1906 τὴν
1478 1823 1581 1905 φύσιν,

298 1933 398 2013 τρίτον
431 1930 466 1993 δὲ
497 1930 552 2012 τὴν
585 1931 785 2013 εἱμαρμένην,
819 1928 856 1994 51.
879 1927 980 2010 Bake,
1003 1928 1076 1995 Poe.
1100 1929 1197 1994 doctr.
1220 1929 1287 1994 rell.
1315 1953 1345 2013 p.
1369 1933 1421 1994 48.
1467 1928 1581 2012 Itaque

298 2035 499 2100 manifestum
523 2042 572 2100 551
589 2034 812 2119 philosophum
829 2035 991 2101 Rhodium
1011 2036 1194 2102 dissensisse
1214 2059 1234 2101 a
1252 2036 1409 2103 veteribus
1429 2034 1581 2116 Stoicis¹),

300 2144 354 2226 qui
377 2142 433 2207 illa
456 2141 672 2224 confuderant,
701 2164 877 2227 novamque
900 2144 1068 2228 protulisse
1092 2145 1291 2226 sententiam,
1319 2165 1383 2227 qua
1406 2142 1581 2208 differentia

300 2253 381 2314 inter
404 2249 528 2330 Jovem,
561 2255 717 2332 naturam,
750 2249 850 2316 fatum
886 2251 1094 2317 statuebatur.
1139 2250 1216 2318 Noli
1247 2251 1413 2335 neglegere
1448 2250 1582 2316 eandem

298 2357 532 2422 distinctionem
555 2356 728 2423 Posidonio
751 2357 846 2423 tribui
871 2379 892 2423 5
916 2357 1076 2439 Cicerone,
1101 2358 1140 2423 de
1164 2358 1258 2423 divin.
1281 2358 1309 2441 I,
1334 2362 1386 2440 55,
1413 2360 1485 2424 125.

392 2462 514 2546 Quodsi
547 2465 611 2530 iam
644 2464 816 2530 secundum
853 2465 980 2550 regulas
1017 2472 1141 2530 nostras
1180 2472 1219 2550 (p.
1246 2466 1298 2547 12)
1332 2465 1591 2553 55555155515515,Ι

300 2593 393 2655 quem
413 2569 591 2637 Stoicorum
611 2577 762 2654 sequatur
781 2571 975 2653 (1155515155,
994 2573 1212 2657 intellegemus
1231 2578 1317 2639 certo
1332 2571 1586 2638 Posidonium

300 2701 370 2742 non
396 2701 477 2742 esse
501 2684 708 2758 auctorem,
743 2679 798 2743 sed
827 2680 1006 2763 generalem
1031 2678 1209 2746 Stoicorum
1233 2679 1374 2745 exhiberi
1397 2678 1585 2744 doctrinam·

299 2787 448 2853 Vidimus
480 2787 564 2850 enirn
597 2807 698 2870 neque
732 2786 818 2870 apud
853 2785 1055 2853 Cleomedem
1088 2809 1189 2870 55555
1222 2787 1308 2871 apud
1336 2787 1500 2852 Zenonem
1531 2797 1588 2851 aut

301 2894 514 2978 Chrysippmn
537 2894 706 2977 quicquam
729 2894 880 2958 interesse
903 2894 986 2958 inter
1004 2894 1075 2959 illas
1093 2900 1157 2959 tres
1175 2896 1328 2975 notiones,
1352 2915 1485 2978 quarum
1509 2915 1586 2959 con-

300 3001 380 3065 fusio
404 2999 499 3084 plane
523 3006 572 3065 551
595 2999 700 3064 511555
723 3022 743 3066 5
765 2999 929 3066 Posidonii
954 3001 1105 3066 doctrina.

389 3107 435 3172 Π.
469 3109 663 3188 4,6-16,16
689 3107 726 3172 Ζ.
773 3107 947 3190 Postquam
973 3107 1158 3174 Oleomedes
1181 3109 1260 3174 talia
1283 3109 1322 3174 de
1345 3108 1464 3173 mundo
1487 3114 1520 3174 et
1544 3108 1587 3172 de

301 3223 417 3281 natura
434 3214 596 3299 praefatus
619 3221 675 3295 551,
699 3217 814 3280 transit
837 3215 878 3279 ad
902 3237 972 3280 eam
992 3218 1217 3298 quaestionem,
1240 3238 1334 3299 quam
1354 3215 1449 3280 huius
1468 3217 1587 3298 capitis

300 3345 367 3389 5555
395 3343 550 3387 summam
575 3321 725 3402 videmus,
745 3322 865 3387 scilicet
888 3323 929 3388 ad
954 3322 1205 3407 disquisitionem
1229 3322 1268 3387 de
1292 3345 1401 3404 vacuo,
1426 3322 1511 3406 quod
1535 3329 1584 3386 551

302 3438 391 3496 extra
413 3429 575 3510 mundum,
598 3429 833 3494 instituendam.

392 3561 420 3603 a.
442 3536 521 3602 Jam
549 3538 652 3621 priore
675 3535 752 3617 loco,
781 3558 843 3619 quo
867 3539 898 3600 in
922 3559 1050 3602 censum
1082 3539 1191 3602 vocavi
1214 3536 1361 3603 Muelleri
1386 3539 1574 3603 sententiam

302 3646 460 3729 professus
484 3666 553 3709 sum
578 3650 610 3708 et
631 3642 808 3708 Hirzclium
832 3645 947 3708 iniuria
970 3645 1048 3708 illud
1081 3645 1233 3728 placitum
1256 3643 1341 3730 (Aet.
1368 3647 1410 3730 pl.
1433 3645 1480 3727 H,
1504 3648 1533 3727 9,
1557 3648 1586 3745 3,

302 3776 332 3837 p.
361 3755 425 3818 338
453 3751 567 3832 Diels),
601 3772 663 3835 quo
697 3750 887 3816 Posidonius
921 3773 1054 3816 vacuum
1083 3775 1146 3817 non
1179 3751 1338 3817 infinitum
1370 3775 1438 3818 5555
1471 3759 1586 3836 555551,

306 3861 423 3926 reicere
445 3864 479 3924 et
500 3858 701 3939 Muellerum,
729 3860 782 3942 qui
812 3858 895 3923 idem
924 3859 1057 3924 damnat
1079 3860 1230 3942 placitum
1255 3866 1287 3924 et
1309 3859 1516 3925 Posidonium
1539 3861 1586 3924 in-

303 3967 428 4032 finitum
452 3967 679 4031 existimavisse
712 3987 847 4031 vacuum
882 3965 1122 4049 Oleomodisque
1159 3966 1255 4032 fuisse
1279 3973 1439 4032 auctorem
1464 3967 1587 4057 probat,

303 4075 385 4140 falsa
407 4095 499 4139 usum
523 4095 590 4138 esse
614 4074 666 4138 via
688 4095 726 4138 ac
758 4074 889 4138 ratione.
937 4071 1032 4138 Nunc
1061 4073 1227 4155 declarem,
1260 4074 1336 4158 quid
1363 4075 1431 4157 ipse
1460 4074 1499 4139 de
1527 4072 1587 4138 hac

306 4183 490 4265 quaestione
513 4182 657 4246 sentiam.

394 4287 545 4372 Legimus
555 4287 641 4373 apud
652 4286 854 4354 Cleomedem
864 4289 905 4371 (p.
915 4290 946 4368 4,
958 4289 1001 4368 6):
1048 4289 1082 4353 τὸ
1108 4290 1141 4352 δὲ
1161 4289 1250 4360 ἐκτὸς
1269 4292 1365 4354 αὐτοῦ
1384 4291 1437 4372 (sc.
1447 4287 1585 4371 κόσμου)

308 4399 400 4462 κενόν
424 4398 502 4460 ἔστιν
526 4395 589 4460 ἀπὸ
613 4395 729 4467 παντὸς
751 4398 871 4478 μέρους
894 4397 936 4466 εἶς
959 4397 1087 4479 ἄπειρον
1118 4397 1235 4480 διῆκον.
1281 4395 1354 4461 Ηο5
1381 4417 1450 4460 5555
1478 4415 1586 4459 verum

308 4503 432 4568 disertis
455 4502 557 4568 verbis
580 4525 609 4586 p.
638 4504 852 4584 12,6-16,16
877 4500 1059 4566 affirmatur.

398 4685 419 4756 ²)
440 4682 474 4739 cl.
492 4683 589 4760 Zellor,
608 4683 624 4740 l.
645 4683 663 4739 l.
682 4680 738 4752 111,
763 4680 797 4752 1³,
817 4700 842 4754 p.
867 4685 924 4752 143,
943 4681 1005 4738 adn.
1026 4685 1049 4737 Β.
1069 4685 1093 4740 3.
