3632 5144
817 363 1037 426 -40..

284 560 462 645 anthropol.
482 559 561 640 616,
585 518 694 624 serini
721 560 814 640 1666,
838 557 923 622 aen.
945 555 1351 624 6661616666611.
1372 555 1469 621 uren.
1488 556 1566 637 66,

285 689 419 751 quorum
429 667 599 732 nonnullos
609 665 793 746 exscribam,
803 670 839 730 ut
847 685 951 729 msam
961 664 1151 729 sententiam
1161 685 1338 730 esscvcram
1346 664 1566 744 demonstrem,

284 773 390 839 Lucri.
415 773 510 857 Dicg.
534 771 615 854 VII,
642 775 717 837 139:
764 772 954 855 Χρύσιππος
977 821 984 834 .
1070 772 1124 835 καὶ
1147 772 1386 844 Ποσειδώνιος
1387 821 1488 836 .....
1512 771 1566 836 τὸν

285 882 423 966 οὐρανόν
446 906 523 965 φασι
546 882 580 946 τὸ
604 879 793 965 ἡγεμονικὸν
815 885 870 944 τοῦ
894 879 1028 961 κόσμου,
1062 878 1231 964 Κλεάνθης
1263 880 1298 944 ot
1327 879 1380 944 τὸν
1408 880 1494 964 ἣλιον
1517 877 1566 956 (cf.
1677 949 1679 954 ,

284 987 624 1073 6616111616,
657 1008 688 1071 p.
720 988 793 1066 332,
826 988 866 1050 21
903 983 987 1051 Dox.
1010 983 1127 1068 Diels);
1161 984 1228 1052 oio.
1256 986 1344 1051 acad.
1374 1008 1421 1070 pr.
1444 985 1490 1066 H,
1514 987 1566 1066 41,

287 1091 377 1162 1266
411 1095 555 1177 „Zenoni
585 1099 618 1160 61
646 1093 775 1177 reliquis
805 1092 869 1157 fero
894 1089 1011 1158 Stoicis
1034 1091 1144 1158 aether
1166 1092 1291 1158 videtur
1313 1115 1457 1158 summus
1480 1091 1566 1173 daus,

285 1209 391 1268 manto
414 1202 586 1288 praeditus,
609 1223 674 1286 qua
696 1201 803 1266 omnia
820 1204 979 1282 regantur.
1026 1198 1206 1282 (1166611166,
1230 1202 1283 1284 qui
1303 1201 1393 1283 quasi
1411 1199 1567 1265 maiouim

287 1312 429 1395 gentium
453 1315 501 1375 661
524 1307 660 1390 Stoicus,
684 1306 826 1374 Zenonis
849 1304 983 1386 auditor,
1007 1305 1105 1371 solam
1124 1307 1279 1372 dominari
1298 1314 1453 1373 atrorum
1471 1305 1566 1390 potiri

285 1421 405 1503 pntat“
451 1417 615 1501 Imprimis
638 1421 745 1481 autem
768 1433 986 1497 comparemus
1006 1411 1073 1480 (116.
1092 1414 1131 1479 da
1149 1420 1214 1480 nat.
1234 1414 1566 1496 deor.11,15,4csq.:

286 1524 413 1608 „Atque
432 1546 471 1589 ca
488 1529 544 1603 (sc.
561 1523 676 1606 sidera)
687 1522 813 1606 quidam
824 1526 971 1586 16166666
981 1519 1076 1604 ignca
1086 1520 1218 1587 duorum
1229 1543 1378 1588 sensuum
1388 1520 1567 1586 testimonio

287 1631 467 1698 confirmari
487 1630 694 1698 Olcanthas
709 1635 810 1714 putat
839 1627 926 1692 Nam
1103 1627 1316 1713 (1166616116.
1343 1631 1414 1694 154.
1439 1631 1458 1693 2
1483 1627 1523 1692 Ζ.

262 1740 362 1806 ,66116
385 1745 417 1805 61
439 1739 558 1804 candor
580 1738 743 1803 inlustrior
765 1742 814 1802 661
830 1756 926 1819 quam
955 1737 1030 1801 όιότι
1067 1737 1168 1802 πάντα
1200 1737 1253 1802 τὸν
1285 1737 1408 1820 κόσμον
1440 1737 1568 1819 φωτίζει
1606 1741 1608 1748 ’

287 1846 482 1930 6111661966,
501 1845 680 1929 quippequi
694 1843 727 1907 in
746 1845 926 1908 immenso
954 1843 1068 1928 σχεόὸν
1091 1845 1371 1928 ἅπειρομεγέθη
1396 1845 1479 1916 ὄντα,

287 1953 405 2019 mundo
424 1957 492 2017 tam
509 1951 603 2035 longo
616 1951 742 2034 latoque
752 1950 926 2031 conlucsat,

287 2067 321 2127 61
342 2062 370 2125 16
393 2061 460 2126 cius
483 2064 587 2124 166166
611 2064 668 2140 661,
693 2080 757 2123 non
780 2062 817 2123 61
838 2063 926 2141 tape-
955 2061 1056 2123 ἔπειτα
1098 2060 1143 2124 ὅτι
1184 2060 1268 2123 οὕτω
1311 2059 1474 2123 ὅιακαίει
1511 2055 1568 2140 τὴν

287 2168 385 2233 faciat
403 2167 513 2247 solum,
533 2165 588 2230 scd
606 2166 703 2230 stiam
721 2185 815 2248 saepo
830 2185 926 2229 com·
955 2173 1013 2250 γῆν
1036 2166 1098 2230 κτλ.

288 2275 402 2340 burst
422 2321 554 2338 .....

288 2382 342 2447 1116
365 2365 532 2464 corporeus
551 2389 604 2464 (sc.
624 2381 717 2463 ignis)
740 2378 872 2443 vitalis
896 2383 929 2442 61
954 2381 1049 2452 αὐτὸς
1072 2383 1124 2462 (sc.
1147 2380 1245 2465 ἥλιος)
1274 2382 1442 2463 ἔμπνουν
1468 2379 1566 2459 παρέ-

289 2473 437 2554 salutaris
461 2488 568 2554 omnia
599 2491 811 2566 conservat,
844 2485 927 2566 alit,
954 2512 1038 2573 χεται
1056 2487 1112 2571 τὴν
1129 2495 1194 2572 γῆν,
1219 2488 1265 2558 ὡς
1280 2487 1334 2550 καὶ
1349 2491 1567 2568 καρποφορεῖν

290 2600 416 2679 auget,
447 2595 613 2660 sustinet
642 2613 796 2676 scnsuquo
820 2590 929 2656 adficit
955 2595 1115 2678 αὐτὴνκαὶ
1125 2598 1301 2679 ζῳογονεῖν.
1347 2594 1401 2657 καὶ
1415 2594 1461 2657 ὅτι
1474 2591 1568 2662 αὐτός

290 2750 422 2767 .....
459 2723 531 2766 cum
569 2701 597 2765 is
628 2703 681 2782 (sc.
714 2698 772 2781 661)
804 2720 928 2782 quoquc
956 2704 1034 2768 ἔστιν
1050 2705 1144 2774 αἴτιος
1159 2709 1214 2767 τοῦ
1233 2701 1287 2766 καὶ
1309 2701 1351 2766 τὰ
1375 2704 1453 2784 ζῷα
1476 2701 1566 2782 ὕφε-

289 2807 415 2890 cfficiat,
447 2813 483 2872 61
514 2809 621 2872 omnia
647 2806 815 2872 floreant
841 2811 874 2871 61
895 2805 928 2869 in
955 2811 1085 2874 στάναι
1106 2810 1160 2874 καὶ
1182 2809 1268 2881 τοὺς
1290 2806 1464 2890 καρποὺς
1486 2806 1567 2887 τρέ-

290 2938 347 2982 666
370 2937 513 3000 quaeque
536 2936 651 2999 gonaro
673 2913 856 2999 pubescant
956 2920 1095 3002 φεσόαι
1155 2917 1209 2982 καὶ
1268 2916 1452 2990 αὔξεσθαι
1515 2911 1569 2976 καὶ

956 3026 1274 3109 τελεσφορεῖσθαι.

335 3111 394 3178 Ar.
417 3111 494 3177 Did,
517 3134 565 3196 ep.
589 3110 624 3176 ir.
647 3111 699 3195 ph.
723 3113 775 3192 29,

548 3243 578 3303 p.
602 3222 697 3301 465,5
722 3218 805 3284 Dox.
829 3218 928 3283 Dicis
956 3245 986 3305 p.
1014 3223 1137 3302 156‚23.
1183 3221 1277 3293 αὐτὸς
1300 3223 1353 3302 (sc.
1369 3218 1468 3304 ἥλιος)
1493 3217 1569 3281 ὅλον

287 3328 495 3413 Ἡγεμονικὸν
513 3328 547 3392 δὲ
566 3334 621 3392 τοῦ
638 3328 763 3410 κόσμον
786 3327 928 3391 Κλεάν-
957 3329 1126 3413 ἁρμόζεται
1144 3329 1197 3394 τὸν
1216 3329 1339 3412 κόσμον
1357 3327 1410 3390 καὶ
1428 3347 1566 3407 συμφοι-

291 3438 350 3500 oo
379 3435 437 3518 μὲν
467 3438 559 3518 ἤρεσε
588 3433 641 3498 τόν
669 3435 756 3518 ἥλιον
779 3435 854 3498 εἶναι
878 3433 929 3498 διὰ
957 3437 1087 3520 νοτάτην
1105 3437 1271 3520 παρέχεται
1288 3434 1353 3519 τὴν
1375 3439 1448 3498 τῶν
1471 3432 1570 3496 ὅλων

290 3543 325 3606 τὸ
354 3544 499 3625 μέγιστον
528 3547 592 3605 τῶν
622 3543 747 3624 ἄστρων
778 3542 930 3624 ὑπάρχειν
958 3545 1145 3627 διοίκησιν
1168 3544 1230 3608 κτλ.

292 3651 344 3714 καὶ
358 3652 482 3714 πλεῖστα
496 3650 731 3733 συμβάλλεσθαι
749 3648 843 3731 πρὸς
865 3649 930 3732 τὴν
962 3653 1053 3718 154.9
1077 3650 1122 3734 μὴ
1146 3651 1247 3734 μόνον
1269 3649 1323 3721 τὰς
1346 3651 1489 3734 ἡμέρας
1516 3646 1570 3711 καὶ

291 3764 364 3822 τῶν
405 3758 503 3821 ὅλων
545 3757 744 3837 διοίκησιν,
786 3757 930 3840 ἡμέραν
958 3757 1569 3841 νύκτας,ἀλλὰκαὶθέροςκαὶχειμῶνα

292 3864 355 3927 καὶ
378 3862 549 3927 ἐνιαυτὸν
572 3868 752 3926 ποιοῦντα
783 3863 931 3936 καὶτὰς
958 3865 1105 3937 καὶτὰς
1128 3866 1240 3936 ἄλλος
1259 3865 1361 3948 ὥρας
1379 3863 1473 3935 οὗτός
1491 3864 1570 3928 ἐστιν

291 3972 404 4042 ἄλλος
427 3972 536 4053 ὥρας.
958 3975 976 4038 ό
999 3978 1127 4038 ποιῶν.

382 4149 430 4213 111
453 4154 559 4213 autam
580 4147 750 4213 destituam
766 4153 955 4216 sententiam
973 4173 1086 4233 meam,
1108 4172 1149 4217 no
1166 4149 1264 4217 Bollii
1283 4149 1411 4235 quidam
1430 4148 1571 4215 adducor

292 4256 488 4336 auctoritato,
520 4256 574 4338 qni
606 4256 639 4319 in
671 4254 785 4321 Jahrb.
808 4256 828 4322 f.
851 4257 907 4323 Κ1.
930 4259 1012 4324 Phil.
1042 4257 1153 4344 Suppl.
1177 4257 1273 4324 XXI
1304 4258 1417 4342 (1894)
1450 4278 1480 4341 p.
1506 4259 1570 4322 134

290 4361 375 4428 huuc
410 4360 589 4429 Olcomadis
621 4363 725 4429 locum
757 4363 868 4430 tribuit
898 4365 1070 4433 Posidonio
1101 4388 1167 4432 una
1198 4388 1270 4432 cum
1297 4365 1366 4432 loco
1394 4363 1571 4430 Ptolomaei

291 4468 420 4535 Tetrab.
430 4493 460 4554 p.
471 4473 500 4535 3.
546 4470 636 4536 Dicit
654 4471 737 4535 cuim
756 4476 907 4554 quattuor
923 4471 1009 4540 locos
1026 4474 1213 4558 scn'ptorum
1236 4473 1437 4558 antiquorum
1459 4471 1571 4539 codem

291 4576 450 4655 61116616,
469 4578 551 4644 Ptol.
570 4579 590 4643 1.
609 4578 642 4659 1.;
668 4577 787 4646 Cleom.
806 4577 877 4660 1.1.;
902 4579 966 4647 Cic
984 4581 1022 4647 dc
1046 4588 1110 4646 nat
1130 4581 1213 4648 deor.
1233 4579 1280 4664 11,
1300 4585 1319 4666 ᾖ
1337 4585 1380 4648 49
1398 4583 1468 4664 at§
1491 4582 1568 4653 1023

289 4683 736 4776 Phil.depr0v.11‚§us;
769 4708 863 4773 quam
894 4687 1014 4758 fontem
1046 4711 1114 4757 6666
1144 4689 1350 4758 Posidonium
1383 4689 1570 4776 suspicatur.
