3618 5164
1018 1120 1157 1242 viu.

540 1317 653 1382 Alexis
675 1317 843 1383 Johannes
865 1318 1039 1383 Eduardus
1062 1315 1217 1382 Boericko
1240 1321 1335 1379 uatus
1358 1335 1427 1378 sum
1451 1312 1502 1377 die
1525 1311 1666 1376 XXXI.
1684 1335 1726 1376 m.
1783 1313 1785 1392 s

451 1426 529 1491 Dec.
554 1425 629 1490 anni
656 1428 740 1490 1879
761 1424 979 1492 Glauchaviae
1002 1432 1092 1508 patre
1111 1423 1290 1502 Francisco,
1314 1427 1413 1486 matre
1432 1418 1558 1483 Helena
1576 1418 1616 1483 ds
1635 1425 1725 1502 gente

451 1531 605 1602 Paschke.
628 1553 707 1615 quos
726 1531 835 1597 ambos
854 1532 959 1597 adhuc
978 1534 1080 1597 vivero
1099 1530 1191 1596 valde
1210 1529 1342 1613 gaudeo.
1388 1526 1547 1591 Addictus
1566 1513 1635 1590 sum
1653 1523 1725 1589 fidei

449 1638 658 1722 evangelicae.
691 1637 868 1704 Elementis
883 1639 1059 1704 liturarum
1070 1637 1208 1702 imbutus
1217 1643 1250 1702 et
1260 1634 1477 1702 Glauchaviae
1486 1639 1519 1698 et
1528 1631 1726 1700 Chemnitiae

449 1768 533 1811 armo
561 1747 643 1810 1893
668 1744 732 1809 adii
761 1745 881 1811 illustre
912 1744 1075 1812 Grimmae
1103 1744 1302 1824 Moldanum,
1333 1743 1422 1808 cuius
1454 1763 1512 1825 per
1542 1761 1597 1805 sex
1629 1761 1729 1804 annos

450 1852 621 1936 discipulus
639 1852 693 1916 fui.
740 1852 824 1919 Vere
844 1854 919 1917 anni
941 1856 1025 1918 1899
1045 1853 1236 1916 maturitatis
1255 1851 1399 1915 examine
1418 1853 1566 1932 superato
1585 1845 1728 1930 Lipsiam

448 1982 498 2024 me
531 1958 659 2039 contuli,
691 1965 728 2024 ut
759 1959 951 2043 philologiae
984 1982 1111 2042 operam
1145 1959 1261 2046 darem.
1307 1956 1448 2021 Auditor
1476 1976 1563 2019 eram
1590 1955 1726 2018 virorum

448 2067 701 2131 doctissimorum
734 2065 851 2147 Barth,
882 2066 1083 2150 Brugmann,
1115 2064 1292 2145 Buchholz,
1326 2062 1440 2143 Goetz,
1472 2061 1609 2140 Heinze,
1641 2059 1727 2140 Hirt,

447 2173 621 2253 Hofmann,
644 2171 806 2253 Immisoh,
825 2173 850 2238 J
851 2175 1022 2257 u'ngmaun,
1041 2173 1187 2253 Koester,
1205 2170 1407 2255 Lamprecht,
1426 2168 1563 2252 Lipsius
1583 2166 1726 2250 Martini,

447 2279 586 2350 Marcks,
605 2279 710 2360 Marx,
730 2277 904 2350 Schreibcr.
925 2279 1049 2364 Seydel,
1069 2278 1202 2360 Sierers,
1214 2273 1728 2362 Scaliger,Triopel,Studniczka,

447 2386 586 2467 Volkelt,
616 2385 832 2451 Waohsmuth
855 2390 892 2472 †,
925 2386 1103 2468 Windisch,
1135 2386 1270 2451 Wundt.
1316 2385 1488 2493 Postquam
1512 2406 1569 2467 per
1592 2384 1655 2449 duo
1679 2407 1726 2448 se-

449 2495 579 2557 mestria
595 2492 719 2558 interfui
738 2493 912 2558 Immischii
935 2495 1160 2577 proseminario
1182 2493 1380 2577 philologico,
1403 2514 1459 2576 per
1481 2494 1544 2558 tria
1565 2495 1728 2558 semestria

450 2601 610 2664 seminarii
628 2599 858 2683 philologorum
877 2601 994 2665 sodalis
1013 2623 1099 2665 eram
1118 2601 1294 2666 ordinarius
1313 2602 1462 2684 auspiciis
1470 2599 1581 2684 Lipsii,
1599 2601 1726 2680 Marxii,

450 2706 687 2771 Waohsmuthii
710 2709 741 2791 †.
797 2707 968 2772 Praeterea
1003 2707 1138 2792 benigue
1174 2730 1225 2772 me
1258 2707 1453 2773 adruiserunt
1484 2706 1525 2771 ad
1557 2709 1727 2772 seminaria

449 2813 599 2879 historica
621 2812 795 2896 Buchholz,
819 2813 967 2898 Seeliger,
991 2814 1204 2880 Waohsmuth
1228 2817 1260 2901 †,
1284 2815 1326 2878 ad
1348 2814 1599 2898 paedagogicum
1621 2814 1726 2899 Jung-

449 2943 555 3001 mann,
575 2920 616 2984 ad
635 2922 882 3002 exercitationes,
901 2944 983 3005 quae
1002 2928 1093 2986 eraut
1111 2922 1149 2986 de
1168 2921 1423 3006 inscriptionibus
1440 2921 1602 3003 Romania,
1621 2921 1730 3004 Marx,

449 3026 491 3091 ad
514 3028 762 3108 exercitationes,
786 3050 866 3112 quae
890 3034 981 3093 erant
1004 3028 1042 3092 de
1065 3030 1156 3094 inser.
1182 3028 1323 3110 Graecis,
1350 3027 1490 3111 Lipsius;
1523 3029 1637 3113 quibus
1660 3051 1729 3096 om-

449 3133 542 3199 nibus
564 3135 683 3217 gratias
707 3156 767 3218 ago
791 3137 953 3199 maximas.
