3618 5164
624 1076 902 1223 tonsuratus
940 1079 1207 1224 munem.

273 1348 391 1428 caput
417 1349 438 1413 Ι.

364 1451 407 1519 Α.
436 1453 624 1538 Exponitm,
652 1454 728 1538 quid
756 1452 860 1519 adhuc
887 1455 945 1519 viri
968 1453 1053 1519 docti
1075 1455 1116 1521 dc
1140 1454 1318 1522 Cleomedis

436 1559 575 1626 fontibus
598 1559 759 1627 effecerint

365 1667 406 1732 B.
434 1666 670 1734 Examinantur
692 1690 739 1749 ea,
762 1689 843 1752 quae
867 1667 972 1733 adhuc
994 1674 1069 1733 sunt
1091 1666 1203 1734 effecta
1327 1715 1332 1721 -
1381 1718 1388 1734 .

436 1774 463 1839 Ι.
488 1772 613 1859 Quibus
630 1774 724 1841 rebus
740 1774 978 1857 iamindicetur,
996 1775 1123 1841 illorum
1133 1782 1320 1860 argumenta

491 1903 558 1948 esse
580 1883 702 1948 incerta

492 1991 521 2054 1.
544 1989 756 2070 Dissentiunt,
785 2010 867 2073 quae
895 1990 978 2055 ratio
1007 1992 1090 2054 inter
1112 1989 1320 2056 Posidonium

546 2102 578 2160 et
602 2095 802 2162 Cleomedem
825 2096 1002 2162 intercedat

490 2207 519 2268 2.
544 2202 577 2269 Si
604 2224 650 2282 ea,
673 2225 755 2286 quae
773 2202 819 2267 illi
837 2201 1017 2270 effecerunt.
1039 2205 1257 2287 persequimur
1279 2203 1321 2268 ad

544 2317 730 2391 extremum,
757 2310 958 2376 intoleranda
983 2310 1135 2375 librorum
1158 2310 1321 2377 Posidonii

543 2439 563 2480 a
587 2417 757 2482 Cleomede
780 2416 991 2482 adhibitorum
1016 2418 1123 2483 existit
1144 2419 1281 2484 varietas
1362 2441 1392 2503 p.
1438 2421 1556 2484 8-11.

421 2523 467 2588 II.
492 2520 616 2607 Quibus
640 2524 679 2588 de
702 2525 806 2590 causis
828 2523 954 2589 illorum
977 2523 1121 2590 doctrina
1149 2531 1234 2590 stare
1257 2546 1321 2590 non

489 2633 590 2714 possit
1362 2655 1391 2716 p.
1418 2635 1557 2698 11-12,

367 2736 404 2804 Ο.
440 2735 600 2803 Statuitur
619 2745 706 2803 certa
720 2739 801 2804 ratio
817 2737 860 2802 ad
868 2737 971 2804 fontes
982 2736 1161 2805 Cleomedis
1171 2738 1325 2804 eruendos
1366 2762 1396 2823 p.
1422 2741 1472 2804 12.

372 2844 415 2909 D.
445 2842 532 2927 Quid
556 2844 742 2911 Oleornedes
765 2846 831 2929 ipse
856 2845 896 2910 de
918 2844 1058 2911 fontibus
1080 2846 1146 2911 suis
1170 2845 1256 2911 dicet
1365 2867 1396 2929 p.
1422 2847 1561 2910 12-14.

274 2952 394 3034 Caput
420 2953 457 3018 ΙΙ.
482 2949 545 3036 Qui
569 2953 633 3017 sint
654 2953 756 3018 fontes
780 2953 959 3021 Cleomsdis
982 2952 1001 3017 L
1025 2952 1052 3017 I.
1076 2975 1102 3018 c.
1131 2957 1144 3017 l
1359 2973 1390 3035 p.
1416 2953 1559 3015 15-35.

368 3058 412 3123 A.
442 3058 655 3125 Examinatur
677 3059 825 3125 Muelleri
847 3060 908 3125 hoc
931 3060 971 3124 de
994 3062 1097 3144 capite
1121 3060 1227 3144 opinio
1363 3079 1393 3142 p.
1419 3059 1559 3122 15-1o.

368 3163 408 3230 Β.
440 3165 680 3250 Investigantur
701 3165 804 3232 fontes
1364 3187 1394 3249 p.
1420 3166 1559 3229 16—35.

439 3272 467 3338 Ι.
493 3295 523 3356 p.
548 3275 698 3354 2,7-4‚o
725 3271 752 3338 Z
1365 3294 1396 3356 p.
1422 3273 1560 3337 16-20.

421 3378 468 3443 Π.
493 3402 523 3464 p.
547 3383 742 3461 4‚o-1e,1o
767 3380 796 3445 z
1366 3400 1397 3463 p.
1420 3380 1561 3443 20-35.

495 3508 523 3552 a
550 3484 729 3554 (ileomsdis
762 3487 802 3554 dc
834 3508 934 3552 vacuo
972 3484 1095 3551 infinito
1135 3485 1327 3570 disputantis

548 3599 707 3660 auctorem
731 3616 795 3660 non
818 3615 886 3660 esse
909 3592 1115 3659 Posidonium
1366 3614 1396 3677 p.
1420 3594 1562 3658 20-22.

497 3699 527 3766 b.
551 3699 632 3785 Quis
655 3702 698 3767 sit
719 3707 831 3768 auctor
1366 3721 1397 3784 p.
1421 3702 1562 3764 22-35.

554 3812 583 3874 l.
605 3807 816 3889 Enarrantur‚
839 3828 921 3891 quae
945 3828 970 3873 c.
996 3810 1013 3872 l
1039 3807 1262 3873 contineantur
1367 3829 1398 3890 p.
1422 3808 1563 3871 22-23.

604 3941 633 3980 a.
679 3917 896 3997 4,10-12‚15
1368 3935 1398 3997 p.
1422 3914 1564 3977 22-2a

603 4027 633 4107 p.
660 4024 896 4104 mur-rope
1367 4042 1399 4105 p.
1422 4024 1473 4085 23.

550 4132 580 4195 2.
605 4128 669 4214 Qui
692 4131 756 4195 sint
782 4128 885 4195 fontes
917 4150 1034 4210 eorum,
1066 4149 1147 4213 quae
1179 4127 1330 4212 leguntur

603 4239 822 4318 4,10-16,16
1368 4256 1399 4319 p.
1423 4237 1565 4300 23-35.

603 4368 632 4408 α.
657 4343 697 4408 In
728 4344 910 4410 universum
944 4342 1146 4411 Cleomedem
1185 4346 1328 4407 secutum

657 4473 725 4517 esse
749 4450 919 4537 Chrysippi
943 4450 1118 4517 doctrinam
1368 4470 1400 4534 p.
1424 4451 1564 4514 23—26.

602 4561 631 4642 β.
655 4558 868 4624 quminatur
882 4555 1061 4625 Cleomedis
1076 4558 1108 4620 in
1118 4554 1327 4621 Aristotelem

658 4666 818 4731 contentio
841 4673 882 4749 (p.
909 4667 981 4746 10‚6
1005 4685 1050 4748 sq.
1074 4663 1116 4747 Z)
1370 4685 1399 4747 p.
1424 4665 1565 4728 26--35,
