<?xml version="1.0" encoding="UTF-8"?>
<!DOCTYPE html PUBLIC "-//W3C//DTD XHTML 1.0 Transitional//EN"
    "http://www.w3.org/TR/xhtml1/DTD/xhtml1-transitional.dtd">
<html xmlns="http://www.w3.org/1999/xhtml" xml:lang="en" lang="en">
 <head>
  <title>
</title>
<meta http-equiv="Content-Type" content="text/html;charset=utf-8" />
  <meta name='ocr-system' content='tesseract 3.04.00' />
  <meta name='ocr-capabilities' content='ocr_page ocr_carea ocr_par ocr_line ocrx_word'/>
</head>
<body>
  <div class='ocr_page' id='page_1' title='image "./quaestionescleo00boergoog_0031.png"; bbox 0 0 3632 5144; ppageno 0'>
   <div class='ocr_carea' id='block_1_1' title="bbox 799 259 1018 324">
    <p class='ocr_par' dir='ltr' id='par_1_1' title="bbox 799 259 1018 324">
     <span class='ocr_line' id='line_1_1' title="bbox 799 259 1018 324; baseline 0 -16"><span class='ocrx_word' id='word_1_1' title='bbox 799 259 1018 324; x_wconf 76' lang='grc'>...24-</span> 
     </span>
    </p>
   </div>
   <div class='ocr_carea' id='block_1_2' title="bbox 272 454 1553 860">
    <p class='ocr_par' dir='ltr' id='par_1_2' title="bbox 272 454 1553 860">
     <span class='ocr_line' id='line_1_2' title="bbox 272 454 1552 540; baseline 0.003 -22"><span class='ocrx_word' id='word_1_2' title='bbox 272 457 297 519; x_wconf 91' lang='lat' dir='ltr'>si</span> <span class='ocrx_word' id='word_1_3' title='bbox 320 456 436 519; x_wconf 89' lang='lat' dir='ltr'>iterum</span> <span class='ocrx_word' id='word_1_4' title='bbox 460 454 531 520; x_wconf 91' lang='lat' dir='ltr'>illos</span> <span class='ocrx_word' id='word_1_5' title='bbox 554 455 743 538; x_wconf 89' lang='lat' dir='ltr'>perscrutati</span> <span class='ocrx_word' id='word_1_6' title='bbox 766 455 882 519; x_wconf 90' lang='lat' dir='ltr'>erimus</span> <span class='ocrx_word' id='word_1_7' title='bbox 905 454 998 537; x_wconf 93' lang='lat' dir='ltr'>locos,</span> <span class='ocrx_word' id='word_1_8' title='bbox 1029 457 1203 540; x_wconf 70' lang='lat' dir='ltr'>apparebit.</span> <span class='ocrx_word' id='word_1_9' title='bbox 1249 456 1369 522; x_wconf 88' lang='lat' dir='ltr'><strong>Mirum</strong></span> <span class='ocrx_word' id='word_1_10' title='bbox 1401 458 1486 522; x_wconf 91' lang='lat' dir='ltr'>enim</span> <span class='ocrx_word' id='word_1_11' title='bbox 1518 459 1552 522; x_wconf 91' lang='lat' dir='ltr'>in</span> 
     </span>
     <span class='ocr_line' id='line_1_3' title="bbox 272 560 1552 644; baseline 0.004 -19"><span class='ocrx_word' id='word_1_12' title='bbox 272 561 400 626; x_wconf 91' lang='lat' dir='ltr'>modum</span> <span class='ocrx_word' id='word_1_13' title='bbox 423 561 488 626; x_wconf 90' lang='lat' dir='ltr'>fere</span> <span class='ocrx_word' id='word_1_14' title='bbox 507 560 633 644; x_wconf 91' lang='lat' dir='ltr'>ubique,</span> <span class='ocrx_word' id='word_1_15' title='bbox 656 561 711 626; x_wconf 92' lang='lat' dir='ltr'>ubi</span> <span class='ocrx_word' id='word_1_16' title='bbox 730 566 874 627; x_wconf 82' lang='lat' dir='ltr'>auctores</span> <span class='ocrx_word' id='word_1_17' title='bbox 892 560 986 626; x_wconf 91' lang='lat' dir='ltr'>huius</span> <span class='ocrx_word' id='word_1_18' title='bbox 1005 561 1044 626; x_wconf 91' lang='lat' dir='ltr'>de</span> <span class='ocrx_word' id='word_1_19' title='bbox 1063 585 1163 629; x_wconf 88' lang='lat' dir='ltr'>vacuo</span> <span class='ocrx_word' id='word_1_20' title='bbox 1182 563 1344 629; x_wconf 86' lang='lat' dir='ltr'>doctrinae</span> <span class='ocrx_word' id='word_1_21' title='bbox 1363 565 1552 630; x_wconf 90' lang='lat' dir='ltr'>nominatim</span> 
     </span>
     <span class='ocr_line' id='line_1_4' title="bbox 274 667 1553 754; baseline 0.002 -19"><span class='ocrx_word' id='word_1_22' title='bbox 274 672 420 750; x_wconf 89' lang='lat' dir='ltr'>citantur,</span> <span class='ocrx_word' id='word_1_23' title='bbox 452 669 587 734; x_wconf 90' lang='lat' dir='ltr'>occurrit</span> <span class='ocrx_word' id='word_1_24' title='bbox 617 689 732 734; x_wconf 91' lang='lat' dir='ltr'>nomen</span> <span class='ocrx_word' id='word_1_25' title='bbox 765 667 983 754; x_wconf 81' lang='lat' dir='ltr'>Chrysippi,</span> <span class='ocrx_word' id='word_1_26' title='bbox 1016 669 1056 735; x_wconf 89' lang='lat' dir='ltr'>cf.</span> <span class='ocrx_word' id='word_1_27' title='bbox 1084 667 1200 734; x_wconf 85' lang='lat' dir='ltr'>Arnim</span> <span class='ocrx_word' id='word_1_28' title='bbox 1232 670 1249 736; x_wconf 92' lang='lat' dir='ltr'>l.</span> <span class='ocrx_word' id='word_1_29' title='bbox 1273 670 1346 736; x_wconf 88' lang='lat' dir='ltr'>ln.</span> <span class='ocrx_word' id='word_1_30' title='bbox 1371 675 1444 753; x_wconf 83' lang='lat'>503,</span> <span class='ocrx_word' id='word_1_31' title='bbox 1478 673 1553 746; x_wconf 81' lang='lat'>506,</span> 
     </span>
     <span class='ocr_line' id='line_1_5' title="bbox 275 775 1551 860; baseline 0.003 -19"><span class='ocrx_word' id='word_1_32' title='bbox 275 780 348 858; x_wconf 80' lang='lat'>535,</span> <span class='ocrx_word' id='word_1_33' title='bbox 368 779 441 856; x_wconf 85' lang='lat'>539,</span> <span class='ocrx_word' id='word_1_34' title='bbox 462 778 534 840; x_wconf 84' lang='lat'>543.</span> <span class='ocrx_word' id='word_1_35' title='bbox 582 775 704 842; x_wconf 85' lang='lat' dir='ltr'>Ceteris</span> <span class='ocrx_word' id='word_1_36' title='bbox 723 776 801 841; x_wconf 91' lang='lat' dir='ltr'>locis</span> <span class='ocrx_word' id='word_1_37' title='bbox 819 776 853 840; x_wconf 91' lang='lat' dir='ltr'>in</span> <span class='ocrx_word' id='word_1_38' title='bbox 871 776 1052 842; x_wconf 85' lang='lat' dir='ltr'>universum</span> <span class='ocrx_word' id='word_1_39' title='bbox 1073 775 1189 843; x_wconf 75' lang='lat' dir='ltr'>Stoicis</span> <span class='ocrx_word' id='word_1_40' title='bbox 1207 777 1360 860; x_wconf 92' lang='lat' dir='ltr'>omnibus,</span> <span class='ocrx_word' id='word_1_41' title='bbox 1384 801 1448 845; x_wconf 91' lang='lat' dir='ltr'>nou</span> <span class='ocrx_word' id='word_1_42' title='bbox 1466 785 1551 844; x_wconf 91' lang='lat' dir='ltr'>certo</span> 
     </span>
    </p>
   </div>
   <div class='ocr_carea' id='block_1_3' title="bbox 171 881 1552 970">
    <p class='ocr_par' dir='ltr' id='par_1_3' title="bbox 171 881 1552 970">
     <span class='ocr_line' id='line_1_6' title="bbox 171 881 1552 970; baseline 0.002 -22"><span class='ocrx_word' id='word_1_43' title='bbox 171 917 175 926; x_wconf 87' lang='lat'><em>·</em></span> <span class='ocrx_word' id='word_1_44' title='bbox 273 883 460 968; x_wconf 92' lang='lat' dir='ltr'>philosopho</span> <span class='ocrx_word' id='word_1_45' title='bbox 483 882 632 948; x_wconf 77' lang='lat' dir='ltr'>tribuitur</span> <span class='ocrx_word' id='word_1_46' title='bbox 653 881 735 948; x_wconf 86' lang='lat' dir='ltr'>haec</span> <span class='ocrx_word' id='word_1_47' title='bbox 758 882 910 948; x_wconf 88' lang='lat' dir='ltr'>doctrina.</span> <span class='ocrx_word' id='word_1_48' title='bbox 957 883 1032 949; x_wconf 93' lang='lat' dir='ltr'>Duo</span> <span class='ocrx_word' id='word_1_49' title='bbox 1055 889 1180 950; x_wconf 89' lang='lat' dir='ltr'>tautum</span> <span class='ocrx_word' id='word_1_50' title='bbox 1199 891 1326 950; x_wconf 86' lang='lat' dir='ltr'>exstant</span> <span class='ocrx_word' id='word_1_51' title='bbox 1343 885 1412 968; x_wconf 91' lang='lat' dir='ltr'>loci,</span> <span class='ocrx_word' id='word_1_52' title='bbox 1435 886 1552 970; x_wconf 91' lang='lat' dir='ltr'>quibus</span> 
     </span>
    </p>
   </div>
   <div class='ocr_carea' id='block_1_4' title="bbox 273 988 1644 4296">
    <p class='ocr_par' dir='ltr' id='par_1_4' title="bbox 273 988 1644 3328">
     <span class='ocr_line' id='line_1_7' title="bbox 274 988 1552 1079; baseline 0.002 -23"><span class='ocrx_word' id='word_1_53' title='bbox 274 991 329 1056; x_wconf 93' lang='lat' dir='ltr'>alii</span> <span class='ocrx_word' id='word_1_54' title='bbox 356 990 530 1056; x_wconf 88' lang='lat' dir='ltr'>laudantur</span> <span class='ocrx_word' id='word_1_55' title='bbox 557 995 710 1072; x_wconf 89' lang='lat' dir='ltr'>auctores,</span> <span class='ocrx_word' id='word_1_56' title='bbox 742 988 817 1056; x_wconf 81' lang='lat' dir='ltr'>Aet.</span> <span class='ocrx_word' id='word_1_57' title='bbox 840 990 882 1074; x_wconf 92' lang='lat' dir='ltr'>pl.</span> <span class='ocrx_word' id='word_1_58' title='bbox 904 990 933 1073; x_wconf 91' lang='grc' dir='ltr'>Ι,</span> <span class='ocrx_word' id='word_1_59' title='bbox 958 993 1029 1072; x_wconf 87' lang='grc'>18,5</span> <span class='ocrx_word' id='word_1_60' title='bbox 1053 1013 1083 1075; x_wconf 88' lang='lat' dir='ltr'>p.</span> <span class='ocrx_word' id='word_1_61' title='bbox 1107 994 1172 1057; x_wconf 87' lang='lat'>316</span> <span class='ocrx_word' id='word_1_62' title='bbox 1195 991 1279 1057; x_wconf 89' lang='lat' dir='ltr'>Dox.</span> <span class='ocrx_word' id='word_1_63' title='bbox 1302 992 1412 1059; x_wconf 90' lang='lat' dir='ltr'>Diels:</span> <span class='ocrx_word' id='word_1_64' title='bbox 1437 995 1552 1079; x_wconf 85' lang='grc' dir='ltr'><strong><em>Ζήνων</em></strong></span> 
     </span>
     <span class='ocr_line' id='line_1_8' title="bbox 277 1085 1551 1185; baseline 0.001 -21"><span class='ocrx_word' id='word_1_65' title='bbox 277 1103 309 1164; x_wconf 86' lang='lat' dir='ltr'>et</span> <span class='ocrx_word' id='word_1_66' title='bbox 335 1096 441 1163; x_wconf 72' lang='lat' dir='ltr'>Iraert</span> <span class='ocrx_word' id='word_1_67' title='bbox 470 1097 566 1182; x_wconf 86' lang='lat' dir='ltr'>Diog.</span> <span class='ocrx_word' id='word_1_68' title='bbox 585 1096 663 1178; x_wconf 86' lang='lat' dir='ltr'>VH,</span> <span class='ocrx_word' id='word_1_69' title='bbox 691 1101 753 1164; x_wconf 97' lang='grc'>140</span> <span class='ocrx_word' id='word_1_70' title='bbox 777 1103 858 1174; x_wconf 83' lang='lat' dir='ltr'>extr:</span> <span class='ocrx_word' id='word_1_71' title='bbox 899 1099 1145 1183; x_wconf 80' lang='grc' dir='ltr'><strong><em>Ἀπολλοφάνης,</em></strong></span> <span class='ocrx_word' id='word_1_72' title='bbox 1164 1085 1414 1185; x_wconf 78' lang='grc' dir='ltr'>Ἀπολλόδωρος,</span> <span class='ocrx_word' id='word_1_73' title='bbox 1438 1101 1551 1166; x_wconf 88' lang='grc' dir='ltr'><strong><em>Ποσει-</em></strong></span> 
     </span>
     <span class='ocr_line' id='line_1_9' title="bbox 275 1203 1552 1290; baseline 0.001 -20"><span class='ocrx_word' id='word_1_74' title='bbox 275 1208 396 1276; x_wconf 81' lang='grc' dir='ltr'><strong><em>δώνιος.</em></strong></span> <span class='ocrx_word' id='word_1_75' title='bbox 442 1203 494 1268; x_wconf 81' lang='lat' dir='ltr'>Ex</span> <span class='ocrx_word' id='word_1_76' title='bbox 516 1203 566 1269; x_wconf 91' lang='lat' dir='ltr'>his</span> <span class='ocrx_word' id='word_1_77' title='bbox 589 1210 739 1288; x_wconf 89' lang='lat' dir='ltr'>quattuor</span> <span class='ocrx_word' id='word_1_78' title='bbox 761 1226 859 1269; x_wconf 91' lang='lat' dir='ltr'>unum</span> <span class='ocrx_word' id='word_1_79' title='bbox 882 1210 1048 1289; x_wconf 83' lang='lat' dir='ltr'>tantopere</span> <span class='ocrx_word' id='word_1_80' title='bbox 1070 1206 1293 1290; x_wconf 87' lang='lat' dir='ltr'>praevaluisse,</span> <span class='ocrx_word' id='word_1_81' title='bbox 1326 1213 1363 1273; x_wconf 92' lang='lat' dir='ltr'>ut</span> <span class='ocrx_word' id='word_1_82' title='bbox 1391 1207 1460 1272; x_wconf 89' lang='lat' dir='ltr'>eius</span> <span class='ocrx_word' id='word_1_83' title='bbox 1483 1229 1552 1272; x_wconf 87' lang='lat' dir='ltr'>sen·</span> 
     </span>
     <span class='ocr_line' id='line_1_10' title="bbox 274 1295 1644 1398; baseline -0.001 -19"><span class='ocrx_word' id='word_1_84' title='bbox 274 1295 375 1379; x_wconf 87' lang='lat' dir='ltr'>tentia</span> <span class='ocrx_word' id='word_1_85' title='bbox 392 1310 482 1377; x_wconf 88' lang='lat' dir='ltr'>fieret</span> <span class='ocrx_word' id='word_1_86' title='bbox 500 1312 675 1377; x_wconf 88' lang='lat' dir='ltr'>communis</span> <span class='ocrx_word' id='word_1_87' title='bbox 695 1310 883 1394; x_wconf 88' lang='lat' dir='ltr'>Stoicorum,</span> <span class='ocrx_word' id='word_1_88' title='bbox 907 1313 959 1378; x_wconf 86' lang='lat' dir='ltr'>vix</span> <span class='ocrx_word' id='word_1_89' title='bbox 978 1311 1126 1378; x_wconf 86' lang='lat' dir='ltr'>credibile</span> <span class='ocrx_word' id='word_1_90' title='bbox 1145 1319 1201 1396; x_wconf 87' lang='lat' dir='ltr'>est,</span> <span class='ocrx_word' id='word_1_91' title='bbox 1224 1314 1379 1398; x_wconf 88' lang='lat' dir='ltr'>imprimis</span> <span class='ocrx_word' id='word_1_92' title='bbox 1397 1314 1466 1379; x_wconf 88' lang='lat' dir='ltr'>fieri</span> <span class='ocrx_word' id='word_1_93' title='bbox 1488 1335 1553 1379; x_wconf 90' lang='lat' dir='ltr'>non</span> <span class='ocrx_word' id='word_1_94' title='bbox 1641 1339 1644 1344; x_wconf 46' lang='lat'>¹</span> 
     </span>
     <span class='ocr_line' id='line_1_11' title="bbox 273 1418 1555 1506; baseline 0.002 -22"><span class='ocrx_word' id='word_1_95' title='bbox 273 1421 385 1504; x_wconf 87' lang='lat' dir='ltr'>potuit,</span> <span class='ocrx_word' id='word_1_96' title='bbox 416 1424 453 1484; x_wconf 89' lang='lat' dir='ltr'>ut</span> <span class='ocrx_word' id='word_1_97' title='bbox 484 1418 647 1485; x_wconf 91' lang='lat' dir='ltr'>Posidonii</span> <span class='ocrx_word' id='word_1_98' title='bbox 680 1418 825 1484; x_wconf 89' lang='lat' dir='ltr'>doctrina</span> <span class='ocrx_word' id='word_1_99' title='bbox 857 1441 878 1485; x_wconf 90' lang='lat' dir='ltr'>a</span> <span class='ocrx_word' id='word_1_100' title='bbox 909 1420 1022 1485; x_wconf 86' lang='lat' dir='ltr'>ceteris</span> <span class='ocrx_word' id='word_1_101' title='bbox 1051 1420 1238 1503; x_wconf 89' lang='lat' dir='ltr'>probaretur</span> <span class='ocrx_word' id='word_1_102' title='bbox 1269 1422 1386 1506; x_wconf 92' lang='lat' dir='ltr'>quippe</span> <span class='ocrx_word' id='word_1_103' title='bbox 1416 1444 1499 1506; x_wconf 87' lang='lat' dir='ltr'>qua,-</span> <span class='ocrx_word' id='word_1_104' title='bbox 1518 1426 1555 1486; x_wconf 89' lang='lat' dir='ltr'>ut</span> 
     </span>
     <span class='ocr_line' id='line_1_12' title="bbox 274 1525 1553 1612; baseline 0.001 -20"><span class='ocrx_word' id='word_1_105' title='bbox 274 1527 566 1607; x_wconf 87' lang='lat' dir='ltr'>demonstravimus,</span> <span class='ocrx_word' id='word_1_106' title='bbox 589 1548 724 1593; x_wconf 89' lang='lat' dir='ltr'>vacuum</span> <span class='ocrx_word' id='word_1_107' title='bbox 748 1548 815 1592; x_wconf 89' lang='lat' dir='ltr'>esse</span> <span class='ocrx_word' id='word_1_108' title='bbox 838 1526 992 1592; x_wconf 86' lang='lat' dir='ltr'>finitum</span> <span class='ocrx_word' id='word_1_109' title='bbox 1015 1525 1233 1592; x_wconf 85' lang='lat' dir='ltr'>affirmaretur.</span> <span class='ocrx_word' id='word_1_110' title='bbox 1279 1529 1394 1612; x_wconf 88' lang='lat' dir='ltr'>Itaque</span> <span class='ocrx_word' id='word_1_111' title='bbox 1412 1528 1553 1594; x_wconf 91' lang='lat' dir='ltr'>ubicum-</span> 
     </span>
     <span class='ocr_line' id='line_1_13' title="bbox 275 1631 1553 1720; baseline 0.001 -21"><span class='ocrx_word' id='word_1_112' title='bbox 275 1657 335 1718; x_wconf 89' lang='lat' dir='ltr'>que</span> <span class='ocrx_word' id='word_1_113' title='bbox 359 1634 398 1698; x_wconf 91' lang='lat' dir='ltr'>de</span> <span class='ocrx_word' id='word_1_114' title='bbox 421 1654 522 1698; x_wconf 84' lang='lat' dir='ltr'>vacuo</span> <span class='ocrx_word' id='word_1_115' title='bbox 547 1631 726 1700; x_wconf 89' lang='lat' dir='ltr'>Stoicorum</span> <span class='ocrx_word' id='word_1_116' title='bbox 750 1635 866 1718; x_wconf 85' lang='lat' dir='ltr'>agitur,</span> <span class='ocrx_word' id='word_1_117' title='bbox 895 1633 1065 1720; x_wconf 79' lang='lat' dir='ltr'>Chrysippi</span> <span class='ocrx_word' id='word_1_118' title='bbox 1092 1635 1220 1700; x_wconf 92' lang='lat' dir='ltr'>subesse</span> <span class='ocrx_word' id='word_1_119' title='bbox 1248 1635 1424 1702; x_wconf 86' lang='lat' dir='ltr'>doctrinam</span> <span class='ocrx_word' id='word_1_120' title='bbox 1451 1635 1553 1701; x_wconf 87' lang='lat' dir='ltr'>credo.</span> 
     </span>
     <span class='ocr_line' id='line_1_14' title="bbox 277 1740 1554 1828; baseline 0.003 -23"><span class='ocrx_word' id='word_1_121' title='bbox 277 1781 320 1790; x_wconf 89' lang='lat'><em>-</em></span> <span class='ocrx_word' id='word_1_122' title='bbox 343 1741 399 1806; x_wconf 89' lang='lat' dir='ltr'>Ad</span> <span class='ocrx_word' id='word_1_123' title='bbox 422 1740 507 1806; x_wconf 84' lang='lat' dir='ltr'>hanc</span> <span class='ocrx_word' id='word_1_124' title='bbox 530 1742 718 1806; x_wconf 83' lang='lat' dir='ltr'>sententiam</span> <span class='ocrx_word' id='word_1_125' title='bbox 738 1741 880 1808; x_wconf 90' lang='lat' dir='ltr'>adducor</span> <span class='ocrx_word' id='word_1_126' title='bbox 893 1742 990 1807; x_wconf 90' lang='lat' dir='ltr'>etiam</span> <span class='ocrx_word' id='word_1_127' title='bbox 1009 1740 1059 1806; x_wconf 92' lang='lat' dir='ltr'>his</span> <span class='ocrx_word' id='word_1_128' title='bbox 1078 1741 1117 1806; x_wconf 89' lang='lat' dir='ltr'>de</span> <span class='ocrx_word' id='word_1_129' title='bbox 1136 1743 1253 1808; x_wconf 91' lang='lat' dir='ltr'>causis:</span> <span class='ocrx_word' id='word_1_130' title='bbox 1301 1743 1437 1810; x_wconf 89' lang='lat' dir='ltr'>Constat</span> <span class='ocrx_word' id='word_1_131' title='bbox 1454 1741 1554 1828; x_wconf 89' lang='lat' dir='ltr'>Chry·</span> 
     </span>
     <span class='ocr_line' id='line_1_15' title="bbox 277 1848 1554 1933; baseline 0.001 -20"><span class='ocrx_word' id='word_1_132' title='bbox 277 1849 402 1932; x_wconf 92' lang='lat' dir='ltr'>sippum</span> <span class='ocrx_word' id='word_1_133' title='bbox 435 1848 474 1913; x_wconf 93' lang='lat' dir='ltr'>de</span> <span class='ocrx_word' id='word_1_134' title='bbox 503 1848 572 1932; x_wconf 90' lang='lat' dir='ltr'>ipso</span> <span class='ocrx_word' id='word_1_135' title='bbox 602 1870 702 1914; x_wconf 90' lang='lat' dir='ltr'>vacuo</span> <span class='ocrx_word' id='word_1_136' title='bbox 733 1855 766 1914; x_wconf 89' lang='lat' dir='ltr'>et</span> <span class='ocrx_word' id='word_1_137' title='bbox 788 1849 979 1933; x_wconf 88' lang='lat' dir='ltr'>peculiarem</span> <span class='ocrx_word' id='word_1_138' title='bbox 1003 1850 1215 1932; x_wconf 84' lang='lat' dir='ltr'>composuisse</span> <span class='ocrx_word' id='word_1_139' title='bbox 1237 1849 1353 1915; x_wconf 91' lang='lat' dir='ltr'>librum</span> <span class='ocrx_word' id='word_1_140' title='bbox 1376 1849 1425 1931; x_wconf 79' lang='lat' dir='ltr'>(ct</span> <span class='ocrx_word' id='word_1_141' title='bbox 1447 1848 1554 1914; x_wconf 84' lang='lat' dir='ltr'>Laert.</span> 
     </span>
     <span class='ocr_line' id='line_1_16' title="bbox 277 1954 1556 2041; baseline 0 -19"><span class='ocrx_word' id='word_1_142' title='bbox 277 1954 475 2040; x_wconf 80' lang='lat' dir='ltr'>Drog.V11‚</span> <span class='ocrx_word' id='word_1_143' title='bbox 501 1957 563 2020; x_wconf 94' lang='grc'>140</span> <span class='ocrx_word' id='word_1_144' title='bbox 587 1957 676 2038; x_wconf 87' lang='lat' dir='ltr'>extr.)</span> <span class='ocrx_word' id='word_1_145' title='bbox 709 1960 742 2021; x_wconf 90' lang='lat' dir='ltr'>et</span> <span class='ocrx_word' id='word_1_146' title='bbox 776 1957 808 2020; x_wconf 90' lang='lat' dir='ltr'>in</span> <span class='ocrx_word' id='word_1_147' title='bbox 840 1956 911 2021; x_wconf 90' lang='lat' dir='ltr'>aliis</span> <span class='ocrx_word' id='word_1_148' title='bbox 934 1977 1057 2040; x_wconf 91' lang='lat' dir='ltr'>quoque</span> <span class='ocrx_word' id='word_1_149' title='bbox 1079 1956 1168 2021; x_wconf 87' lang='lat' dir='ltr'>libris</span> <span class='ocrx_word' id='word_1_150' title='bbox 1191 1979 1309 2041; x_wconf 85' lang='lat' dir='ltr'>magno</span> <span class='ocrx_word' id='word_1_151' title='bbox 1332 1957 1437 2023; x_wconf 87' lang='lat' dir='ltr'>studio</span> <span class='ocrx_word' id='word_1_152' title='bbox 1459 1957 1556 2025; x_wconf 84' lang='lat' dir='ltr'>verba</span> 
     </span>
     <span class='ocr_line' id='line_1_17' title="bbox 276 2060 1555 2148; baseline 0.002 -22"><span class='ocrx_word' id='word_1_153' title='bbox 276 2063 386 2128; x_wconf 88' lang='lat' dir='ltr'>fecisse</span> <span class='ocrx_word' id='word_1_154' title='bbox 409 2062 458 2146; x_wconf 79' lang='lat' dir='ltr'>(ci</span> <span class='ocrx_word' id='word_1_155' title='bbox 481 2060 588 2127; x_wconf 86' lang='lat' dir='ltr'>Laert.</span> <span class='ocrx_word' id='word_1_156' title='bbox 612 2061 707 2147; x_wconf 85' lang='lat' dir='ltr'>Dieg.</span> <span class='ocrx_word' id='word_1_157' title='bbox 731 2064 751 2129; x_wconf 88' lang='lat' dir='ltr'>l.</span> <span class='ocrx_word' id='word_1_158' title='bbox 765 2063 786 2128; x_wconf 91' lang='lat' dir='ltr'>l.</span> <span class='ocrx_word' id='word_1_159' title='bbox 810 2067 842 2128; x_wconf 80' lang='grc' dir='ltr'>ἐν</span> <span class='ocrx_word' id='word_1_160' title='bbox 865 2071 902 2148; x_wconf 83' lang='grc' dir='ltr'>τῇ</span> <span class='ocrx_word' id='word_1_161' title='bbox 925 2070 1035 2148; x_wconf 80' lang='grc' dir='ltr'><strong><em>πρώτῃ</em></strong></span> <span class='ocrx_word' id='word_1_162' title='bbox 1058 2069 1122 2128; x_wconf 82' lang='grc' dir='ltr'>τῶν</span> <span class='ocrx_word' id='word_1_163' title='bbox 1145 2071 1291 2148; x_wconf 82' lang='grc' dir='ltr'><strong><em>φυσικῶν</em></strong></span> <span class='ocrx_word' id='word_1_164' title='bbox 1313 2071 1446 2148; x_wconf 83' lang='grc' dir='ltr'><strong><em>τεχνῶν;</em></strong></span> <span class='ocrx_word' id='word_1_165' title='bbox 1470 2064 1555 2129; x_wconf 73' lang='lat' dir='ltr'>Plus.</span> 
     </span>
     <span class='ocr_line' id='line_1_18' title="bbox 280 2168 1555 2255; baseline 0.001 -20"><span class='ocrx_word' id='word_1_166' title='bbox 280 2172 365 2235; x_wconf 84' lang='grc'>1054</span> <span class='ocrx_word' id='word_1_167' title='bbox 388 2168 441 2234; x_wconf 84' lang='grc' dir='ltr'>Β.;</span> <span class='ocrx_word' id='word_1_168' title='bbox 488 2172 533 2234; x_wconf 86' lang='grc' dir='ltr'>ὅτι</span> <span class='ocrx_word' id='word_1_169' title='bbox 555 2177 610 2235; x_wconf 85' lang='grc' dir='ltr'>τοῦ</span> <span class='ocrx_word' id='word_1_170' title='bbox 634 2173 758 2255; x_wconf 83' lang='grc' dir='ltr'><strong><em>κόσμου</em></strong></span> <span class='ocrx_word' id='word_1_171' title='bbox 783 2171 875 2236; x_wconf 81' lang='grc' dir='ltr'><strong><em>κενὸν</em></strong></span> <span class='ocrx_word' id='word_1_172' title='bbox 899 2171 987 2243; x_wconf 85' lang='grc' dir='ltr'><strong><em>ἒκτὸς</em></strong></span> <span class='ocrx_word' id='word_1_173' title='bbox 1010 2171 1138 2255; x_wconf 78' lang='grc' dir='ltr'><strong><em>ἄπειρόν</em></strong></span> <span class='ocrx_word' id='word_1_174' title='bbox 1162 2173 1222 2236; x_wconf 82' lang='grc' dir='ltr'><strong><em>ἐστι</em></strong></span> <span class='ocrx_word' id='word_1_175' title='bbox 1246 2222 1346 2236; x_wconf 92' lang='grc'><strong>.....</strong></span> <span class='ocrx_word' id='word_1_176' title='bbox 1376 2173 1555 2242; x_wconf 79' lang='grc' dir='ltr'>πολλάκις</span> 
     </span>
     <span class='ocr_line' id='line_1_19' title="bbox 278 2276 1555 2362; baseline -0.001 -20"><span class='ocrx_word' id='word_1_177' title='bbox 278 2277 332 2342; x_wconf 79' lang='grc' dir='ltr'>ὑπ’</span> <span class='ocrx_word' id='word_1_178' title='bbox 352 2281 448 2342; x_wconf 71' lang='grc' dir='ltr'><strong><em>αὐτοῦ</em></strong></span> <span class='ocrx_word' id='word_1_179' title='bbox 479 2280 532 2362; x_wconf 88' lang='lat' dir='ltr'>(sc.</span> <span class='ocrx_word' id='word_1_180' title='bbox 556 2279 672 2362; x_wconf 82' lang='grc' dir='ltr'><strong><em>Χρυσ.)</em></strong></span> <span class='ocrx_word' id='word_1_181' title='bbox 696 2280 820 2361; x_wconf 79' lang='grc' dir='ltr'><strong><em>λέγεται.</em></strong></span> <span class='ocrx_word' id='word_1_182' title='bbox 878 2277 964 2343; x_wconf 85' lang='lat' dir='ltr'>Plut.</span> <span class='ocrx_word' id='word_1_183' title='bbox 988 2277 1027 2342; x_wconf 92' lang='lat' dir='ltr'>de</span> <span class='ocrx_word' id='word_1_184' title='bbox 1051 2277 1110 2342; x_wconf 74' lang='lat' dir='ltr'>defi</span> <span class='ocrx_word' id='word_1_185' title='bbox 1134 2298 1178 2343; x_wconf 88' lang='lat' dir='ltr'>or.</span> <span class='ocrx_word' id='word_1_186' title='bbox 1202 2299 1229 2343; x_wconf 87' lang='grc' dir='ltr'>ο.</span> <span class='ocrx_word' id='word_1_187' title='bbox 1252 2280 1303 2360; x_wconf 83' lang='grc'>28,</span> <span class='ocrx_word' id='word_1_188' title='bbox 1326 2300 1357 2362; x_wconf 90' lang='lat' dir='ltr'>p.</span> <span class='ocrx_word' id='word_1_189' title='bbox 1380 2281 1445 2343; x_wconf 83' lang='lat'>425</span> <span class='ocrx_word' id='word_1_190' title='bbox 1469 2276 1555 2361; x_wconf 81' lang='lat' dir='ltr'>DE).</span> 
     </span>
     <span class='ocr_line' id='line_1_20' title="bbox 278 2383 1555 2470; baseline 0.002 -22"><span class='ocrx_word' id='word_1_191' title='bbox 278 2383 405 2448; x_wconf 89' lang='lat' dir='ltr'>Deinde</span> <span class='ocrx_word' id='word_1_192' title='bbox 430 2383 642 2470; x_wconf 89' lang='lat' dir='ltr'>Chrysippum</span> <span class='ocrx_word' id='word_1_193' title='bbox 665 2386 826 2450; x_wconf 89' lang='lat' dir='ltr'>notionem</span> <span class='ocrx_word' id='word_1_194' title='bbox 850 2385 942 2451; x_wconf 90' lang='lat' dir='ltr'>vacui</span> <span class='ocrx_word' id='word_1_195' title='bbox 965 2383 1143 2450; x_wconf 88' lang='lat' dir='ltr'>definivisse</span> <span class='ocrx_word' id='word_1_196' title='bbox 1166 2386 1230 2449; x_wconf 90' lang='lat' dir='ltr'>iarn</span> <span class='ocrx_word' id='word_1_197' title='bbox 1254 2406 1310 2469; x_wconf 92' lang='lat' dir='ltr'>per</span> <span class='ocrx_word' id='word_1_198' title='bbox 1332 2407 1368 2450; x_wconf 88' lang='lat' dir='ltr'>se</span> <span class='ocrx_word' id='word_1_199' title='bbox 1390 2391 1555 2450; x_wconf 88' lang='lat' dir='ltr'>cousenta-</span> 
     </span>
     <span class='ocr_line' id='line_1_21' title="bbox 278 2490 1556 2577; baseline 0.001 -22"><span class='ocrx_word' id='word_1_200' title='bbox 278 2513 373 2556; x_wconf 85' lang='lat' dir='ltr'>neum</span> <span class='ocrx_word' id='word_1_201' title='bbox 403 2497 459 2556; x_wconf 90' lang='lat' dir='ltr'>est.</span> <span class='ocrx_word' id='word_1_202' title='bbox 508 2491 623 2576; x_wconf 88' lang='lat' dir='ltr'>Neque</span> <span class='ocrx_word' id='word_1_203' title='bbox 654 2491 773 2573; x_wconf 87' lang='lat' dir='ltr'>dubito,</span> <span class='ocrx_word' id='word_1_204' title='bbox 803 2493 879 2575; x_wconf 91' lang='lat' dir='ltr'>quin</span> <span class='ocrx_word' id='word_1_205' title='bbox 910 2490 1108 2577; x_wconf 76' lang='lat' dir='ltr'>Chrysippea</span> <span class='ocrx_word' id='word_1_206' title='bbox 1136 2490 1278 2558; x_wconf 86' lang='lat' dir='ltr'>definitio</span> <span class='ocrx_word' id='word_1_207' title='bbox 1308 2493 1349 2557; x_wconf 90' lang='lat' dir='ltr'>sit</span> <span class='ocrx_word' id='word_1_208' title='bbox 1380 2513 1427 2572; x_wconf 90' lang='lat' dir='ltr'>ea,</span> <span class='ocrx_word' id='word_1_209' title='bbox 1459 2513 1556 2576; x_wconf 88' lang='lat' dir='ltr'>quam</span> 
     </span>
     <span class='ocr_line' id='line_1_22' title="bbox 278 2597 1556 2683; baseline 0 -21"><span class='ocrx_word' id='word_1_210' title='bbox 278 2599 455 2663; x_wconf 88' lang='lat' dir='ltr'>invenimus</span> <span class='ocrx_word' id='word_1_211' title='bbox 485 2599 571 2682; x_wconf 91' lang='lat' dir='ltr'>apud</span> <span class='ocrx_word' id='word_1_212' title='bbox 595 2597 794 2683; x_wconf 88' lang='lat' dir='ltr'>Simplicium</span> <span class='ocrx_word' id='word_1_213' title='bbox 822 2599 854 2663; x_wconf 93' lang='lat' dir='ltr'>in</span> <span class='ocrx_word' id='word_1_214' title='bbox 878 2597 978 2664; x_wconf 76' lang='lat' dir='ltr'>Arist.</span> <span class='ocrx_word' id='word_1_215' title='bbox 1002 2598 1041 2664; x_wconf 88' lang='lat' dir='ltr'>de</span> <span class='ocrx_word' id='word_1_216' title='bbox 1065 2598 1152 2664; x_wconf 89' lang='lat' dir='ltr'>caelo</span> <span class='ocrx_word' id='word_1_217' title='bbox 1175 2622 1205 2683; x_wconf 91' lang='lat' dir='ltr'>p.</span> <span class='ocrx_word' id='word_1_218' title='bbox 1231 2601 1348 2680; x_wconf 87' lang='grc'>285,32</span> <span class='ocrx_word' id='word_1_219' title='bbox 1372 2597 1556 2682; x_wconf 84' lang='lat' dir='ltr'>Heiberg¹):</span> 
     </span>
     <span class='ocr_line' id='line_1_23' title="bbox 279 2705 1559 2790; baseline -0.001 -20"><span class='ocrx_word' id='word_1_220' title='bbox 279 2706 372 2770; x_wconf 82' lang='grc' dir='ltr'><strong><em>κενὸν</em></strong></span> <span class='ocrx_word' id='word_1_221' title='bbox 389 2707 423 2770; x_wconf 80' lang='grc' dir='ltr'>δὲ</span> <span class='ocrx_word' id='word_1_222' title='bbox 438 2713 528 2770; x_wconf 84' lang='grc' dir='ltr'><strong><em>τοῦτο</em></strong></span> <span class='ocrx_word' id='word_1_223' title='bbox 546 2707 708 2790; x_wconf 79' lang='grc' dir='ltr'><strong><em>διάστημα,</em></strong></span> <span class='ocrx_word' id='word_1_224' title='bbox 733 2710 750 2770; x_wconf 87' lang='grc' dir='ltr'><em>ὃ</em></span> <span class='ocrx_word' id='word_1_225' title='bbox 774 2707 905 2771; x_wconf 84' lang='grc' dir='ltr'><strong><em>οἷόντε</em></strong></span> <span class='ocrx_word' id='word_1_226' title='bbox 924 2709 965 2771; x_wconf 81' lang='grc' dir='ltr'>ὃν</span> <span class='ocrx_word' id='word_1_227' title='bbox 984 2712 1093 2789; x_wconf 85' lang='grc' dir='ltr'><strong><em>σῶμα</em></strong></span> <span class='ocrx_word' id='word_1_228' title='bbox 1113 2707 1296 2780; x_wconf 77' lang='grc' dir='ltr'><strong><em>δέξασθαι</em></strong></span> <span class='ocrx_word' id='word_1_229' title='bbox 1310 2705 1361 2790; x_wconf 82' lang='grc' dir='ltr'>μὴ</span> <span class='ocrx_word' id='word_1_230' title='bbox 1380 2707 1559 2770; x_wconf 79' lang='grc' dir='ltr'><strong><em>δέδεκται.</em></strong></span> 
     </span>
     <span class='ocr_line' id='line_1_24' title="bbox 280 2810 1560 2899; baseline -0.001 -22"><span class='ocrx_word' id='word_1_231' title='bbox 280 2813 317 2878; x_wconf 84' lang='lat' dir='ltr'>cf.</span> <span class='ocrx_word' id='word_1_232' title='bbox 348 2810 406 2877; x_wconf 85' lang='lat' dir='ltr'>Ar.</span> <span class='ocrx_word' id='word_1_233' title='bbox 439 2812 515 2877; x_wconf 92' lang='lat' dir='ltr'>Did.</span> <span class='ocrx_word' id='word_1_234' title='bbox 546 2814 619 2896; x_wconf 88' lang='lat' dir='ltr'>epit.</span> <span class='ocrx_word' id='word_1_235' title='bbox 649 2812 684 2877; x_wconf 84' lang='lat' dir='ltr'>tr.</span> <span class='ocrx_word' id='word_1_236' title='bbox 717 2812 806 2899; x_wconf 89' lang='lat' dir='ltr'>phys.</span> <span class='ocrx_word' id='word_1_237' title='bbox 837 2815 888 2894; x_wconf 84' lang='lat'>25,</span> <span class='ocrx_word' id='word_1_238' title='bbox 918 2836 948 2897; x_wconf 89' lang='lat' dir='ltr'>p.</span> <span class='ocrx_word' id='word_1_239' title='bbox 977 2815 1051 2895; x_wconf 90' lang='grc'>460,</span> <span class='ocrx_word' id='word_1_240' title='bbox 1082 2815 1122 2878; x_wconf 89' lang='grc'>18</span> <span class='ocrx_word' id='word_1_241' title='bbox 1146 2833 1190 2895; x_wconf 91' lang='lat' dir='ltr'>sq.</span> <span class='ocrx_word' id='word_1_242' title='bbox 1214 2811 1298 2878; x_wconf 88' lang='lat' dir='ltr'>Dox.</span> <span class='ocrx_word' id='word_1_243' title='bbox 1327 2811 1428 2877; x_wconf 87' lang='lat' dir='ltr'>Diels.</span> <span class='ocrx_word' id='word_1_244' title='bbox 1474 2810 1560 2879; x_wconf 88' lang='lat' dir='ltr'>Sext·</span> 
     </span>
     <span class='ocr_line' id='line_1_25' title="bbox 281 2918 1562 3006; baseline 0.003 -22"><span class='ocrx_word' id='word_1_245' title='bbox 281 2921 402 3004; x_wconf 86' lang='lat' dir='ltr'>Empir.</span> <span class='ocrx_word' id='word_1_246' title='bbox 426 2921 495 2984; x_wconf 88' lang='lat' dir='ltr'>adv.</span> <span class='ocrx_word' id='word_1_247' title='bbox 519 2920 616 2985; x_wconf 93' lang='lat' dir='ltr'>math.</span> <span class='ocrx_word' id='word_1_248' title='bbox 641 2919 686 3003; x_wconf 91' lang='lat' dir='ltr'>X,</span> <span class='ocrx_word' id='word_1_249' title='bbox 711 2923 730 2985; x_wconf 88' lang='lat'><strong>3</strong></span> <span class='ocrx_word' id='word_1_250' title='bbox 755 2927 787 2986; x_wconf 89' lang='lat' dir='ltr'>et</span> <span class='ocrx_word' id='word_1_251' title='bbox 809 2920 920 3006; x_wconf 89' lang='lat' dir='ltr'>Pyrrh.</span> <span class='ocrx_word' id='word_1_252' title='bbox 938 2920 1011 3006; x_wconf 92' lang='lat' dir='ltr'>hyp.</span> <span class='ocrx_word' id='word_1_253' title='bbox 1031 2920 1096 3002; x_wconf 84' lang='lat' dir='ltr'>HJ,</span> <span class='ocrx_word' id='word_1_254' title='bbox 1123 2921 1195 2985; x_wconf 88' lang='grc'>124.</span> <span class='ocrx_word' id='word_1_255' title='bbox 1240 2919 1347 2984; x_wconf 78' lang='lat' dir='ltr'>Laert.</span> <span class='ocrx_word' id='word_1_256' title='bbox 1366 2919 1463 3003; x_wconf 84' lang='lat' dir='ltr'>Diog.</span> <span class='ocrx_word' id='word_1_257' title='bbox 1482 2918 1562 3003; x_wconf 83' lang='lat' dir='ltr'>VII,</span> 
     </span>
     <span class='ocr_line' id='line_1_26' title="bbox 285 3027 1562 3112; baseline -0.002 -19"><span class='ocrx_word' id='word_1_258' title='bbox 285 3031 348 3094; x_wconf 89' lang='grc'>140</span> <span class='ocrx_word' id='word_1_259' title='bbox 378 3027 497 3110; x_wconf 45' lang='grc' dir='ltr'><strong><em>κενὸνῖ)</em></strong></span> <span class='ocrx_word' id='word_1_260' title='bbox 530 3030 564 3093; x_wconf 79' lang='grc' dir='ltr'>δὲ</span> <span class='ocrx_word' id='word_1_261' title='bbox 592 3030 627 3093; x_wconf 88' lang='grc' dir='ltr'>τὸ</span> <span class='ocrx_word' id='word_1_262' title='bbox 656 3030 722 3093; x_wconf 84' lang='grc' dir='ltr'><strong><em>οἷόν</em></strong></span> <span class='ocrx_word' id='word_1_263' title='bbox 750 3054 781 3093; x_wconf 89' lang='grc' dir='ltr'>τε</span> <span class='ocrx_word' id='word_1_264' title='bbox 804 3030 991 3112; x_wconf 72' lang='grc' dir='ltr'><strong><em>κατέχεσθαι</em></strong></span> <span class='ocrx_word' id='word_1_265' title='bbox 1012 3029 1076 3094; x_wconf 82' lang='grc' dir='ltr'>ὑπὸ</span> <span class='ocrx_word' id='word_1_266' title='bbox 1099 3029 1259 3112; x_wconf 84' lang='grc' dir='ltr'><strong><em>σωμάτων</em></strong></span> <span class='ocrx_word' id='word_1_267' title='bbox 1282 3029 1320 3092; x_wconf 80' lang='grc' dir='ltr'>οὐ</span> <span class='ocrx_word' id='word_1_268' title='bbox 1343 3028 1562 3111; x_wconf 85' lang='grc' dir='ltr'><strong><em>κατεχόμενον.</em></strong></span> 
     </span>
     <span class='ocr_line' id='line_1_27' title="bbox 284 3131 1562 3220; baseline -0.002 -19"><span class='ocrx_word' id='word_1_269' title='bbox 284 3136 397 3201; x_wconf 81' lang='lat' dir='ltr'>Talem</span> <span class='ocrx_word' id='word_1_270' title='bbox 423 3136 556 3200; x_wconf 86' lang='lat' dir='ltr'>formam</span> <span class='ocrx_word' id='word_1_271' title='bbox 580 3135 758 3201; x_wconf 83' lang='lat' dir='ltr'>exhibuisse</span> <span class='ocrx_word' id='word_1_272' title='bbox 783 3135 952 3220; x_wconf 90' lang='lat' dir='ltr'>Chrysippi</span> <span class='ocrx_word' id='word_1_273' title='bbox 976 3134 1192 3200; x_wconf 87' lang='lat' dir='ltr'>definitionem</span> <span class='ocrx_word' id='word_1_274' title='bbox 1215 3132 1340 3200; x_wconf 89' lang='lat' dir='ltr'>confido</span> <span class='ocrx_word' id='word_1_275' title='bbox 1363 3155 1497 3217; x_wconf 86' lang='lat' dir='ltr'>eamque</span> <span class='ocrx_word' id='word_1_276' title='bbox 1520 3131 1562 3198; x_wconf 82' lang='lat' dir='ltr'>ab</span> 
     </span>
     <span class='ocr_line' id='line_1_28' title="bbox 285 3242 1562 3328; baseline -0.002 -20"><span class='ocrx_word' id='word_1_277' title='bbox 285 3243 431 3308; x_wconf 91' lang='lat' dir='ltr'>omnibus</span> <span class='ocrx_word' id='word_1_278' title='bbox 463 3242 586 3324; x_wconf 83' lang='lat' dir='ltr'>Stoicis,</span> <span class='ocrx_word' id='word_1_279' title='bbox 617 3245 671 3327; x_wconf 91' lang='lat' dir='ltr'>qui</span> <span class='ocrx_word' id='word_1_280' title='bbox 700 3249 772 3328; x_wconf 90' lang='lat' dir='ltr'>post</span> <span class='ocrx_word' id='word_1_281' title='bbox 801 3242 890 3309; x_wconf 89' lang='lat' dir='ltr'>illurn</span> <span class='ocrx_word' id='word_1_282' title='bbox 920 3248 1054 3328; x_wconf 85' lang='lat' dir='ltr'>egerunt</span> <span class='ocrx_word' id='word_1_283' title='bbox 1076 3242 1115 3307; x_wconf 92' lang='lat' dir='ltr'>de</span> <span class='ocrx_word' id='word_1_284' title='bbox 1139 3263 1248 3323; x_wconf 84' lang='lat' dir='ltr'>vacuo,</span> <span class='ocrx_word' id='word_1_285' title='bbox 1276 3263 1345 3307; x_wconf 88' lang='lat' dir='ltr'>esse</span> <span class='ocrx_word' id='word_1_286' title='bbox 1367 3246 1562 3326; x_wconf 86' lang='lat' dir='ltr'>usurpatam.</span> 
     </span>
    </p>

    <p class='ocr_par' dir='ltr' id='par_1_5' title="bbox 284 3347 1569 4296">
     <span class='ocr_line' id='line_1_29' title="bbox 373 3347 1563 3436; baseline -0.001 -23"><span class='ocrx_word' id='word_1_287' title='bbox 373 3350 548 3434; x_wconf 88' lang='lat' dir='ltr'>Postquam</span> <span class='ocrx_word' id='word_1_288' title='bbox 566 3352 663 3434; x_wconf 87' lang='lat' dir='ltr'>igitur</span> <span class='ocrx_word' id='word_1_289' title='bbox 681 3356 781 3415; x_wconf 89' lang='lat' dir='ltr'>totam</span> <span class='ocrx_word' id='word_1_290' title='bbox 800 3351 1016 3434; x_wconf 89' lang='lat' dir='ltr'>quaestionem</span> <span class='ocrx_word' id='word_1_291' title='bbox 1034 3349 1172 3434; x_wconf 87' lang='lat' dir='ltr'>pendere</span> <span class='ocrx_word' id='word_1_292' title='bbox 1189 3371 1228 3414; x_wconf 87' lang='lat' dir='ltr'>ex</span> <span class='ocrx_word' id='word_1_293' title='bbox 1239 3349 1409 3436; x_wconf 86' lang='lat' dir='ltr'>Chrysippi</span> <span class='ocrx_word' id='word_1_294' title='bbox 1428 3347 1563 3414; x_wconf 87' lang='lat' dir='ltr'>auctori-</span> 
     </span>
     <span class='ocr_line' id='line_1_30' title="bbox 284 3454 1563 3540; baseline -0.003 -17"><span class='ocrx_word' id='word_1_295' title='bbox 284 3463 350 3523; x_wconf 87' lang='lat' dir='ltr'>tate</span> <span class='ocrx_word' id='word_1_296' title='bbox 373 3457 516 3539; x_wconf 84' lang='lat' dir='ltr'>vidimus,</span> <span class='ocrx_word' id='word_1_297' title='bbox 540 3458 582 3522; x_wconf 91' lang='lat' dir='ltr'>ad</span> <span class='ocrx_word' id='word_1_298' title='bbox 601 3457 803 3524; x_wconf 88' lang='lat' dir='ltr'>Cleomedem</span> <span class='ocrx_word' id='word_1_299' title='bbox 826 3464 1037 3523; x_wconf 76' lang='lat' dir='ltr'>transeamus,</span> <span class='ocrx_word' id='word_1_300' title='bbox 1084 3456 1187 3540; x_wconf 77' lang='lat' dir='ltr'>Quem</span> <span class='ocrx_word' id='word_1_301' title='bbox 1210 3457 1298 3522; x_wconf 91' lang='lat' dir='ltr'>nullo</span> <span class='ocrx_word' id='word_1_302' title='bbox 1320 3456 1390 3522; x_wconf 86' lang='lat' dir='ltr'>loco</span> <span class='ocrx_word' id='word_1_303' title='bbox 1414 3454 1454 3520; x_wconf 91' lang='lat' dir='ltr'>ab</span> <span class='ocrx_word' id='word_1_304' title='bbox 1477 3454 1563 3520; x_wconf 88' lang='lat' dir='ltr'>illius</span> 
     </span>
     <span class='ocr_line' id='line_1_31' title="bbox 284 3561 1566 3648; baseline -0.001 -19"><span class='ocrx_word' id='word_1_305' title='bbox 284 3565 429 3648; x_wconf 88' lang='lat' dir='ltr'>partibus</span> <span class='ocrx_word' id='word_1_306' title='bbox 460 3564 619 3630; x_wconf 88' lang='lat' dir='ltr'>discedere</span> <span class='ocrx_word' id='word_1_307' title='bbox 649 3564 850 3630; x_wconf 66' lang='lat' dir='ltr'>manifestum</span> <span class='ocrx_word' id='word_1_308' title='bbox 880 3569 936 3630; x_wconf 77' lang='lat' dir='ltr'>est.</span> <span class='ocrx_word' id='word_1_309' title='bbox 999 3564 1145 3630; x_wconf 89' lang='lat' dir='ltr'>Primum</span> <span class='ocrx_word' id='word_1_310' title='bbox 1180 3565 1264 3630; x_wconf 88' lang='lat' dir='ltr'>enim</span> <span class='ocrx_word' id='word_1_311' title='bbox 1298 3563 1433 3630; x_wconf 85' lang='lat' dir='ltr'>eandem</span> <span class='ocrx_word' id='word_1_312' title='bbox 1471 3561 1566 3628; x_wconf 83' lang='lat' dir='ltr'>refert</span> 
     </span>
     <span class='ocr_line' id='line_1_32' title="bbox 286 3671 1566 3758; baseline -0.002 -22"><span class='ocrx_word' id='word_1_313' title='bbox 286 3676 327 3756; x_wconf 82' lang='lat' dir='ltr'>(p.</span> <span class='ocrx_word' id='word_1_314' title='bbox 352 3676 440 3752; x_wconf 87' lang='grc'>4,14;</span> <span class='ocrx_word' id='word_1_315' title='bbox 466 3674 551 3753; x_wconf 86' lang='grc'>8,14)</span> <span class='ocrx_word' id='word_1_316' title='bbox 585 3671 813 3738; x_wconf 88' lang='lat' dir='ltr'>definitionem:</span> <span class='ocrx_word' id='word_1_317' title='bbox 858 3675 913 3758; x_wconf 81' lang='grc' dir='ltr'>τὴν</span> <span class='ocrx_word' id='word_1_318' title='bbox 946 3673 1003 3738; x_wconf 85' lang='grc' dir='ltr'>οὖν</span> <span class='ocrx_word' id='word_1_319' title='bbox 1034 3674 1178 3757; x_wconf 81' lang='grc' dir='ltr'>τοιαύτην</span> <span class='ocrx_word' id='word_1_320' title='bbox 1210 3672 1387 3747; x_wconf 81' lang='grc' dir='ltr'><strong><em>ὑπόστασιν,</em></strong></span> <span class='ocrx_word' id='word_1_321' title='bbox 1419 3673 1503 3736; x_wconf 79' lang='grc' dir='ltr'><strong><em>οἵαν</em></strong></span> <span class='ocrx_word' id='word_1_322' title='bbox 1530 3695 1566 3735; x_wconf 79' lang='grc' dir='ltr'>τε</span> 
     </span>
     <span class='ocr_line' id='line_1_33' title="bbox 288 3775 1567 3864; baseline -0.002 -20"><span class='ocrx_word' id='word_1_323' title='bbox 288 3781 403 3844; x_wconf 80' lang='grc' dir='ltr'><strong><em>οὖσαν</em></strong></span> <span class='ocrx_word' id='word_1_324' title='bbox 428 3781 605 3863; x_wconf 73' lang='grc' dir='ltr'><strong><em>δέχεσθαι</em></strong></span> <span class='ocrx_word' id='word_1_325' title='bbox 629 3787 736 3863; x_wconf 85' lang='grc' dir='ltr'><strong><em>σῶμα</em></strong></span> <span class='ocrx_word' id='word_1_326' title='bbox 760 3783 822 3846; x_wconf 83' lang='grc' dir='ltr'>καὶ</span> <span class='ocrx_word' id='word_1_327' title='bbox 841 3783 1080 3864; x_wconf 76' lang='grc' dir='ltr'><strong><em>κατέχεσθαι,</em></strong></span> <span class='ocrx_word' id='word_1_328' title='bbox 1099 3781 1209 3845; x_wconf 84' lang='grc' dir='ltr'><strong><em>κενὸν</em></strong></span> <span class='ocrx_word' id='word_1_329' title='bbox 1227 3781 1306 3846; x_wconf 85' lang='grc' dir='ltr'><strong><em>εἶναί</em></strong></span> <span class='ocrx_word' id='word_1_330' title='bbox 1322 3803 1436 3864; x_wconf 83' lang='grc' dir='ltr'><strong><em>φαμεν.</em></strong></span> <span class='ocrx_word' id='word_1_331' title='bbox 1483 3775 1567 3842; x_wconf 76' lang='lat' dir='ltr'>Tum</span> 
     </span>
     <span class='ocr_line' id='line_1_34' title="bbox 289 3885 1567 3971; baseline 0.001 -21"><span class='ocrx_word' id='word_1_332' title='bbox 289 3886 376 3969; x_wconf 87' lang='lat' dir='ltr'>apud</span> <span class='ocrx_word' id='word_1_333' title='bbox 405 3893 547 3951; x_wconf 90' lang='lat' dir='ltr'>nostrum</span> <span class='ocrx_word' id='word_1_334' title='bbox 578 3909 702 3970; x_wconf 91' lang='lat' dir='ltr'>quoque</span> <span class='ocrx_word' id='word_1_335' title='bbox 732 3887 788 3952; x_wconf 88' lang='lat' dir='ltr'>illa</span> <span class='ocrx_word' id='word_1_336' title='bbox 818 3888 857 3953; x_wconf 91' lang='lat' dir='ltr'>de</span> <span class='ocrx_word' id='word_1_337' title='bbox 886 3888 991 3969; x_wconf 87' lang='lat' dir='ltr'>„loco“</span> <span class='ocrx_word' id='word_1_338' title='bbox 1021 3886 1173 3968; x_wconf 83' lang='lat' dir='ltr'>doctrina,</span> <span class='ocrx_word' id='word_1_339' title='bbox 1205 3908 1286 3971; x_wconf 90' lang='lat' dir='ltr'>quae</span> <span class='ocrx_word' id='word_1_340' title='bbox 1316 3885 1464 3952; x_wconf 87' lang='lat' dir='ltr'>cohaeret</span> <span class='ocrx_word' id='word_1_341' title='bbox 1494 3905 1567 3950; x_wconf 88' lang='lat' dir='ltr'>cum</span> 
     </span>
     <span class='ocr_line' id='line_1_35' title="bbox 288 3989 1569 4081; baseline -0.002 -24"><span class='ocrx_word' id='word_1_342' title='bbox 288 3995 380 4058; x_wconf 87' lang='lat' dir='ltr'>vacui</span> <span class='ocrx_word' id='word_1_343' title='bbox 412 3993 638 4076; x_wconf 89' lang='lat' dir='ltr'>disquisitione,</span> <span class='ocrx_word' id='word_1_344' title='bbox 668 4016 732 4060; x_wconf 90' lang='lat' dir='ltr'>non</span> <span class='ocrx_word' id='word_1_345' title='bbox 763 3995 887 4060; x_wconf 88' lang='lat' dir='ltr'>diversa</span> <span class='ocrx_word' id='word_1_346' title='bbox 918 3999 967 4059; x_wconf 86' lang='lat' dir='ltr'>est</span> <span class='ocrx_word' id='word_1_347' title='bbox 1000 4017 1021 4060; x_wconf 92' lang='lat' dir='ltr'>a</span> <span class='ocrx_word' id='word_1_348' title='bbox 1053 3993 1259 4081; x_wconf 87' lang='lat' dir='ltr'>Chrysippea,</span> <span class='ocrx_word' id='word_1_349' title='bbox 1291 3998 1404 4072; x_wconf 80' lang='lat' dir='ltr'>contra</span> <span class='ocrx_word' id='word_1_350' title='bbox 1435 3989 1569 4077; x_wconf 89' lang='lat' dir='ltr'>praebet</span> 
     </span>
     <span class='ocr_line' id='line_1_36' title="bbox 288 4099 1568 4186; baseline 0 -22"><span class='ocrx_word' id='word_1_351' title='bbox 288 4101 405 4166; x_wconf 88' lang='lat' dir='ltr'>multas</span> <span class='ocrx_word' id='word_1_352' title='bbox 416 4101 645 4167; x_wconf 89' lang='lat' dir='ltr'>similitudines.</span> <span class='ocrx_word' id='word_1_353' title='bbox 694 4101 880 4168; x_wconf 91' lang='lat' dir='ltr'>Cleomedes</span> <span class='ocrx_word' id='word_1_354' title='bbox 898 4103 983 4168; x_wconf 91' lang='lat' dir='ltr'>enirn</span> <span class='ocrx_word' id='word_1_355' title='bbox 1001 4102 1106 4169; x_wconf 89' lang='lat' dir='ltr'>locum</span> <span class='ocrx_word' id='word_1_356' title='bbox 1120 4101 1262 4186; x_wconf 86' lang='lat' dir='ltr'>appellat</span> <span class='ocrx_word' id='word_1_357' title='bbox 1276 4104 1317 4186; x_wconf 88' lang='lat' dir='ltr'>(p.</span> <span class='ocrx_word' id='word_1_358' title='bbox 1328 4103 1394 4183; x_wconf 86' lang='grc'>8,4;</span> <span class='ocrx_word' id='word_1_359' title='bbox 1420 4101 1502 4183; x_wconf 91' lang='grc'>6,10,</span> <span class='ocrx_word' id='word_1_360' title='bbox 1513 4099 1568 4181; x_wconf 83' lang='grc'>24)</span> 
     </span>
     <span class='ocr_line' id='line_1_37' title="bbox 290 4205 1568 4296; baseline 0 -24"><span class='ocrx_word' id='word_1_361' title='bbox 290 4209 400 4273; x_wconf 87' lang='grc' dir='ltr'><strong><em>κενὸν</em></strong></span> <span class='ocrx_word' id='word_1_362' title='bbox 418 4210 491 4274; x_wconf 79' lang='grc' dir='ltr'>ὑπὸ</span> <span class='ocrx_word' id='word_1_363' title='bbox 511 4213 686 4294; x_wconf 87' lang='grc' dir='ltr'><strong><em>σώματος</em></strong></span> <span class='ocrx_word' id='word_1_364' title='bbox 703 4211 959 4295; x_wconf 81' lang='grc' dir='ltr'><strong><em>κατεχόμενον</em></strong></span> <span class='ocrx_word' id='word_1_365' title='bbox 981 4207 1417 4296; x_wconf 77' lang='grc' dir='ltr'><strong><em>καὶπεπληρωμένον;θοᾶθιο</em></strong></span> <span class='ocrx_word' id='word_1_366' title='bbox 1427 4205 1568 4274; x_wconf 83' lang='lat' dir='ltr'>definitio</span> 
     </span>
    </p>
   </div>
   <div class='ocr_carea' id='block_1_5' title="bbox 381 4424 1085 4495">
    <p class='ocr_par' dir='ltr' id='par_1_6' title="bbox 381 4424 1085 4495">
     <span class='ocr_line' id='line_1_38' title="bbox 381 4424 1085 4495; baseline -0.004 -13"><span class='ocrx_word' id='word_1_367' title='bbox 381 4426 404 4492; x_wconf 88' lang='lat'>¹)</span> <span class='ocrx_word' id='word_1_368' title='bbox 424 4425 532 4494; x_wconf 78' lang='lat' dir='ltr'>Quippe</span> <span class='ocrx_word' id='word_1_369' title='bbox 552 4443 606 4495; x_wconf 86' lang='lat' dir='ltr'>quo</span> <span class='ocrx_word' id='word_1_370' title='bbox 625 4426 687 4480; x_wconf 90' lang='lat' dir='ltr'>loco</span> <span class='ocrx_word' id='word_1_371' title='bbox 705 4429 793 4480; x_wconf 88' lang='lat' dir='ltr'>exstet</span> <span class='ocrx_word' id='word_1_372' title='bbox 813 4424 960 4495; x_wconf 81' lang='lat' dir='ltr'>Chrysippi</span> <span class='ocrx_word' id='word_1_373' title='bbox 977 4441 1085 4480; x_wconf 87' lang='lat' dir='ltr'>nomen.</span> 
     </span>
    </p>
   </div>
   <div class='ocr_carea' id='block_1_6' title="bbox 295 4519 1570 4678">
    <p class='ocr_par' dir='ltr' id='par_1_7' title="bbox 295 4519 1570 4678">
     <span class='ocr_line' id='line_1_39' title="bbox 382 4519 1570 4604; baseline -0.003 -17"><span class='ocrx_word' id='word_1_374' title='bbox 382 4531 403 4602; x_wconf 60' lang='lat'>2)</span> <span class='ocrx_word' id='word_1_375' title='bbox 423 4533 469 4588; x_wconf 91' lang='lat' dir='ltr'>Sic</span> <span class='ocrx_word' id='word_1_376' title='bbox 488 4552 538 4604; x_wconf 89' lang='lat' dir='ltr'>pro</span> <span class='ocrx_word' id='word_1_377' title='bbox 562 4519 731 4600; x_wconf 73' lang='grc' dir='ltr'><strong><em>ἀσώματον</em></strong></span> <span class='ocrx_word' id='word_1_378' title='bbox 751 4533 887 4602; x_wconf 91' lang='lat' dir='ltr'>codicum,</span> <span class='ocrx_word' id='word_1_379' title='bbox 916 4532 990 4603; x_wconf 91' lang='lat' dir='ltr'>quod</span> <span class='ocrx_word' id='word_1_380' title='bbox 1014 4536 1055 4587; x_wconf 83' lang='lat' dir='ltr'>est</span> <span class='ocrx_word' id='word_1_381' title='bbox 1082 4533 1236 4602; x_wconf 84' lang='lat' dir='ltr'>absurdum,</span> <span class='ocrx_word' id='word_1_382' title='bbox 1260 4533 1318 4587; x_wconf 87' lang='lat' dir='ltr'>iure</span> <span class='ocrx_word' id='word_1_383' title='bbox 1337 4535 1378 4587; x_wconf 87' lang='lat' dir='ltr'>est</span> <span class='ocrx_word' id='word_1_384' title='bbox 1395 4528 1570 4587; x_wconf 83' lang='lat' dir='ltr'>scribendum</span> 
     </span>
     <span class='ocr_line' id='line_1_40' title="bbox 295 4604 1021 4678; baseline 0.004 -21"><span class='ocrx_word' id='word_1_385' title='bbox 295 4609 466 4676; x_wconf 80' lang='lat' dir='ltr'>proponente</span> <span class='ocrx_word' id='word_1_386' title='bbox 485 4605 600 4678; x_wconf 83' lang='lat' dir='ltr'>Zellero,</span> <span class='ocrx_word' id='word_1_387' title='bbox 618 4606 636 4660; x_wconf 93' lang='lat' dir='ltr'>l.</span> <span class='ocrx_word' id='word_1_388' title='bbox 655 4606 673 4662; x_wconf 86' lang='lat'>1.</span> <span class='ocrx_word' id='word_1_389' title='bbox 692 4604 748 4661; x_wconf 84' lang='grc' dir='ltr'><strong>ΙΙΙ.</strong></span> <span class='ocrx_word' id='word_1_390' title='bbox 771 4605 815 4675; x_wconf 77' lang='lat'>1³,</span> <span class='ocrx_word' id='word_1_391' title='bbox 835 4608 895 4676; x_wconf 87' lang='lat'>181,</span> <span class='ocrx_word' id='word_1_392' title='bbox 913 4605 977 4660; x_wconf 84' lang='lat' dir='ltr'>adn.</span> <span class='ocrx_word' id='word_1_393' title='bbox 995 4609 1021 4660; x_wconf 89' lang='lat'>3.</span> 
     </span>
    </p>
   </div>
   <div class='ocr_carea' id='block_1_7' title="bbox 0 0 1839 5144">
    <p class='ocr_par' dir='ltr' id='par_1_8' title="bbox 0 0 1839 5144">
     <span class='ocr_line' id='line_1_41' title="bbox 0 0 1839 5144; baseline 0 0"><span class='ocrx_word' id='word_1_394' title='bbox 0 0 1839 5144; x_wconf 95' lang='lat' dir='ltr'> </span> 
     </span>
    </p>
   </div>
  </div>
 </body>
</html>
