3618 5164
769 323 987 386 ..57-

236 521 302 587 Cic.
326 519 370 584 de
388 525 454 583 nat.
478 518 561 584 deor.
585 517 631 599 H,
656 520 766 599 20,52;
795 517 878 582 Pliu.
901 540 932 582 n.
955 517 985 582 h.
1008 518 1055 596 II,
1080 521 1120 600 ἐξ
1145 520 1286 584 32-40,
1334 518 1406 583 Ηοε
1434 518 1520 584 locos

233 629 316 692 inter
338 648 372 691 se
395 626 647 710 comparemus2).
693 623 777 693 Vide
800 625 944 690 tabulam
966 627 1128 691 insertam.

327 731 533 817 Scriptorum.
556 732 650 798 modo
683 733 764 797 inter
796 754 829 797 se
861 738 1116 816 comparatorum
1148 755 1240 798 nemo
1273 739 1328 814 est,
1361 756 1455 817 quom
1479 755 1521 798 ex

236 840 409 907 Posidonio
431 840 574 905 hausisse
597 840 751 923 suspicari
773 861 838 904 non
861 839 964 905 liceat.
1009 839 1164 905 Nostrum
1196 841 1294 924 igitur
1324 846 1373 906 est
1403 861 1521 909 erueres

237 949 308 1033 quis
331 969 440 1014 eorum
464 948 635 1031 genuinam
654 946 833 1031 philosophi
852 946 971 1012 Rhodii
994 948 1165 1013 servaverit
1188 949 1388 1014 sententiam.
1433 947 1520 1013 Nam

237 1078 310 1122 cum
342 1076 476 1139 magnas
509 1055 592 1119 inter
623 1054 765 1138 singulos
797 1053 990 1119 differentias
1027 1054 1220 1120 intercedere
1258 1056 1360 1139 primo
1392 1061 1523 1139 aspectu

239 1168 401 1248 appareat,
424 1161 493 1228 fieri
515 1183 717 1246 nequaquam
739 1166 852 1245 potest,
876 1166 912 1226 ut
935 1183 1043 1227 omnes
1066 1162 1199 1227 eandem
1219 1169 1392 1246 sequantur
1408 1162 1521 1227 doctri-

238 1292 322 1335 nam.
367 1269 415 1336 Ut
448 1271 556 1334 statim
588 1268 665 1353 quid
695 1271 829 1334 sentiam
860 1267 1019 1353 profitear,
1051 1255 1176 1334 initium
1201 1291 1268 1335 csse
1292 1269 1524 1353 capienduma

148 1445 149 1448 ,
241 1377 372 1442 Theone
397 1375 572 1462 Smyrnaeo
596 1381 628 1440 et
652 1375 804 1442 Cicerone
827 1375 992 1458 contendo,
1024 1377 1078 1460 qui
1108 1376 1167 1442 soli
1195 1376 1337 1442 ordinem
1361 1377 1524 1442 stellarum

240 1485 416 1550 errantium
448 1483 589 1549 referunt
617 1505 689 1549 vere
718 1483 978 1549 Posidoniauum.
1023 1483 1096 1548 Iam
1129 1482 1356 1564 Schmehelius.
1388 1483 1471 1548 Phil.
1494 1483 1524 1549 d.

238 1591 330 1657 mittl.
364 1590 444 1658 Stoa
470 1613 501 1675 p.
525 1593 589 1656 409
618 1613 693 1675 sqq.,
725 1593 792 1660 424
819 1613 864 1675 sq.
888 1593 953 1655 465
986 1590 1139 1656 iudicavit
1171 1593 1203 1655 in
1236 1591 1375 1657 Theonis
1408 1591 1525 1656 librum

239 1699 341 1764 multa
363 1697 491 1764 fluxisse
515 1719 554 1764 ex
576 1698 640 1780 illo,
671 1704 766 1782 atque
794 1699 973 1782 nuperrime
997 1696 1169 1780 Switalshi,
1200 1699 1243 1763 D.
1268 1698 1378 1765 Chalc.
1403 1698 1524 1765 Comm.

241 1828 280 1871 zu
303 1806 387 1871 Plat.
407 1806 489 1871 Tim.
512 1828 542 1889 p.
567 1808 608 1870 89
631 1805 712 1870 bene
736 1805 883 1887 ostendit,
908 1801 1109 1872 Chalcidium
1133 1811 1165 1870 et
1187 1827 1244 1890 per
1266 1806 1525 1889 consequentiam

242 1912 647 1979 Theonem'Posidoniana
669 1912 708 1977 de
731 1912 825 1977 rebus
848 1914 1068 1978 astronomicis
1094 1914 1141 1977 uti
1164 1912 1317 1978 doctrina.
1364 1912 1525 1979 Ciceronis

241 2042 315 2085 vero
348 2019 521 2085 secundum
554 2019 593 2084 de
626 2026 742 2084 natura
765 2019 896 2086 deorum
928 2020 1044 2085 librum
1076 2041 1177 2104 paene
1200 2026 1302 2085 totum
1326 2020 1368 2084 ad
1391 2019 1526 2085 eundem

240 2127 345 2192 redire
367 2127 486 2193 fontem
509 2132 604 2210 atque
628 2126 791 2194 Theonem
815 2132 941 2194 constat
963 2129 1045 2192 inter
1073 2127 1217 2209 omues2),
1246 2127 1288 2195 ad
1310 2127 1526 2194 Posidonium.

242 2234 333 2319 Ergo
352 2234 466 2299 horum
485 2235 672 2318 scriptorum
692 2234 769 2300 locis
788 2240 915 2299 utamur
933 2235 1161 2318 disquisitionis
1174 2240 1301 2300 nostrae
1312 2234 1526 2299 fundamento.

241 2340 294 2407 Ac
317 2342 454 2426 primum
477 2342 605 2426 quidem
628 2364 690 2426 quo
710 2342 819 2407 ordine
839 2342 949 2407 stellae
969 2343 1106 2425 quinque
1126 2348 1268 2407 errantes
1287 2342 1327 2406 ab
1344 2343 1383 2406 iis
1399 2363 1526 2407 enume-

246 2454 363 2530 rentur,
387 2454 562 2514 memoratu
585 2448 677 2514 valde
701 2449 832 2533 dignum
855 2454 911 2514 est.
959 2449 1070 2516 Cicero
1092 2448 1113 2513 l.
1136 2449 1156 2513 l.
1181 2455 1288 2534 aperte
1312 2456 1344 2514 et
1366 2449 1528 2514 evidenter

246 2579 301 2622 eas
332 2556 379 2620 ita
411 2556 558 2640 disponit,
591 2562 627 2621 ut
654 2563 757 2621 terrae
781 2557 823 2620 sit
844 2557 989 2640 proxima
1011 2556 1104 2621 stella
1127 2556 1271 2636 Veneris,
1303 2577 1400 2640 supra
1431 2569 1527 2639 quam

246 2669 421 2748 sequnntur
452 2664 562 2728 stellae
594 2663 755 2746 Mercurii,
787 2663 913 2745 Martis,
949 2663 1051 2746 Jovis,
1091 2662 1232 2730 Saturni.
1268 2713 1270 2717 -
1300 2663 1410 2728 Etiam
1442 2663 1528 2747 apud

247 2770 410 2836 Thoonem
432 2769 453 2835 l.
471 2771 492 2836 l.
511 2776 544 2836 et
567 2769 767 2838 Chalcidium
786 2772 806 2836 l.
824 2771 845 2836 l.
864 2770 948 2836 idem
971 2772 1106 2837 occurrit
1129 2771 1215 2853 ordo,
1238 2771 1411 2836 secundum
1434 2792 1528 2854 quem

247 2877 359 2947 Venus
377 2883 426 2943 est
443 2879 526 2944 inter
539 2877 734 2944 Mercurium
753 2884 786 2945 et
803 2879 922 2944 lunam.
969 2877 1211 2962 Quamquamp.
1224 2881 1481 2968 130,22-131,3
1492 2875 1529 2941 H

247 2989 302 3070 (ε
328 2984 470 3052 Chalcid.
494 3007 519 3052 c.
534 2988 588 3052 ’65
612 2985 708 3068 Mull)
738 2985 889 3052 Mercurii
918 2986 1023 3053 locum
1053 2985 1136 3051 infra
1158 2985 1316 3053 Venerem
1343 2986 1419 3070 poni
1441 2984 1528 3050 haud

247 3094 367 3178 ignoro,
397 3098 505 3158 tamen
535 3095 597 3158 nisi
625 3115 659 3158 re
687 3115 763 3159 vera
786 3093 862 3160 ordo
886 3117 907 3158 a
929 3093 1021 3159 nobis
1044 3099 1182 3158 statutus
1205 3099 1288 3158 esset
1310 3115 1349 3158 ex
1372 3093 1529 3157 sententia

248 3200 397 3283 Theonis,
426 3222 490 3265 non
522 3201 783 3285 intellegeremus,
815 3223 871 3266 cur
893 3201 983 3268 Theo
1013 3224 1043 3285 p.
1070 3204 1163 3282 138,9
1188 3223 1232 3284 sq.
1256 3200 1335 3265 talia
1363 3199 1528 3284 proferret:

247 3309 303 3394 τὴν
334 3309 369 3374 δὲ
398 3309 477 3373 κατὰ
507 3310 615 3374 τόπων
644 3316 708 3374 τῶν
736 3315 882 3393 σφαιρῶν
907 3309 963 3394 [ἢ]
986 3310 1116 3375 κύκλων
1139 3311 1228 3374 θέσιν
1250 3335 1281 3396 νε
1303 3309 1357 3372 καὶ
1379 3309 1472 3382 τάξιν,
1497 3308 1529 3371 ἐν

249 3418 295 3488 οἷς
318 3417 445 3500 κείμενα
469 3419 595 3500 φέρεται
621 3417 658 3481 τὰ
686 3418 886 3500 πλανώμενα,
919 3418 1014 3488 τινὲς
1044 3418 1112 3499 μὲν
1144 3423 1217 3480 τῶν
1248 3417 1530 3498 Πυθαγορείων

248 3525 370 3589 τοιάνδε
393 3526 563 3607 νομίζουσι·
588 3526 718 3609 σελήνης
742 3575 748 3588 .
773 3576 779 3588 .
805 3576 811 3589 .
840 3525 960 3608 Ἑρμοῦ
986 3575 992 3588 .
1017 3575 1023 3588 .
1048 3576 1054 3589 .
1085 3526 1267 3608 φωσφόρου
1295 3525 1357 3587 κτλ.
1406 3518 1530 3604 Quibus

249 3652 289 3695 ex
310 3629 414 3696 verbis
437 3637 485 3696 est
507 3631 759 3697 concludendum
782 3629 823 3696 ab
846 3632 916 3715 ipso
940 3630 1066 3696 admitti
1095 3630 1193 3695 alium
1216 3629 1358 3696 ordinem
1382 3628 1529 3693 eundem-

249 3759 311 3821 que
333 3758 401 3803 esse
425 3760 445 3802 a
467 3737 668 3823 Pythagoreo
692 3739 838 3804 alienum.
870 3777 912 3786 -
944 3738 1115 3805 Consentio
1139 3739 1236 3822 igitur
1262 3736 1323 3802 ha'c
1347 3737 1379 3800 in
1402 3757 1436 3799 re
1459 3757 1531 3800 cum

251 3843 461 3927 Schmehelio,
479 3844 562 3910 Phil.
573 3845 703 3911 dmittl.
714 3844 795 3912 Stoa
802 3868 833 3930 p.
844 3848 918 3927 282,
937 3848 1004 3910 464
1024 3850 1056 3910 et
1075 3845 1149 3910 adn.
1169 3848 1198 3924 6,
1219 3846 1283 3908 465
1304 3849 1336 3908 et
1359 3842 1432 3908 adn.
1443 3846 1472 3923 3,
1493 3841 1531 3907 P.

250 3951 468 4019 Wendlandio
486 3953 520 4017 in
538 3952 623 4018 Berl.
633 3953 741 4037 philol.
751 3952 979 4019 Wochenschr.
998 3952 1075 4018 XII
1096 3955 1209 4037 (1892)
1232 3954 1306 4032 870,
1331 3948 1531 4028 Susemihlio,

252 4058 370 4126 Gesch.
394 4059 423 4124 d
447 4082 492 4144 gr.
515 4059 592 4126 Litt.
614 4061 648 4125 in
672 4061 702 4126 d.
725 4058 889 4126 Alexdmt.
912 4061 959 4142 11,
987 4060 1084 4144 praet
1107 4082 1137 4144 p.
1162 4058 1195 4126 V
1218 4064 1250 4124 et
1271 4081 1302 4143 p.
1327 4059 1399 4138 709,
1431 4058 1485 4141 qui
1512 4078 1532 4121 a

341 4220 363 4290 ¹)
382 4219 513 4275 Consulto
533 4221 630 4276 omitto
648 4222 735 4289 locos,
755 4221 879 4290 quisunt
896 4220 1009 4275 minoris
1027 4220 1160 4274 momenti
1178 4237 1266 4288 neque
1285 4218 1431 4288 quicquam
1449 4215 1532 4286 proh-

251 4291 327 4348 ciunt
354 4291 391 4346 sd
418 4298 539 4348 nostram
567 4293 794 4362 disquisitionem.
831 4293 948 4347 Collecti
973 4297 1036 4346 sunt
1057 4310 1073 4345 a
1092 4291 1226 4346 Muellero
1245 4291 1263 4344 l.
1282 4291 1301 4345 l.
1321 4309 1348 4359 p.
1372 4292 1414 4344 14.
1449 4289 1532 4343 Adde

250 4363 622 4434 Ast.P1ao.phi1.11,3a;
651 4366 702 4435 frg.
722 4364 872 4420 Censorino
896 4365 985 4419 adeor.
1011 4362 1066 4426 111.
1085 4382 1113 4433 p.
1132 4367 1193 4432 58,3
1214 4381 1272 4431 sqq.
1292 4359 1420 4416 Hultsch.
1456 4359 1534 4414 Ilici·

251 4451 328 4489 amus
346 4453 411 4490 vero
431 4435 502 4491 Vitr.
520 4435 573 4505 IX,
592 4440 715 4506 4,5-10,
735 4437 837 4506 quippe
857 4436 903 4506 qui
921 4436 1022 4490 habeat
1040 4440 1158 4504 systema
1172 4434 1247 4504 quod
1257 4433 1353 4489 dicunt
1361 4431 1532 4502 Aegyptium

252 4507 299 4572 (cl.
318 4506 438 4562 Hultsch
456 4508 485 4560 in
505 4507 649 4576 Wissowe,
667 4507 818 4563 Rau-une.
837 4507 879 4577 Il,
900 4511 968 4562 1860
988 4513 1016 4561 et
1034 4525 1116 4576 supra
1132 4526 1161 4576 p.
1180 4510 1214 4560 42
1234 4506 1297 4560 adn.
1318 4505 1353 4575 1).

341 4595 365 4665 ¹)
385 4596 420 4652 cf.
439 4597 594 4665 Schmekel,
622 4597 694 4652 Phil.
714 4598 739 4652 d.
759 4597 840 4652 mittl.
858 4597 934 4664 Stoa,
960 4616 988 4666 p.
1008 4600 1051 4666 98,
1069 4595 1117 4650 ubi
1135 4596 1164 4650 in
1182 4595 1359 4650 adnotatione
1378 4591 1461 4648 stiam
1481 4593 1533 4650 viri

252 4667 328 4724 docti
345 4668 498 4738 laudantur,
518 4669 564 4739 qui
583 4669 654 4724 hauc
672 4669 805 4727 lulserunt
823 4670 992 4724 sententiam.
1030 4668 1066 4728 of.
1085 4685 1167 4743 supra
1185 4686 1213 4738 p.
1233 4671 1267 4721 33
1286 4665 1348 4721 adn.
1370 4669 1393 4722 1.
