3632 5144
854 339 1073 402 ..18-

326 537 421 600 etiam
446 536 554 618 κοινὴν
578 537 680 618 φύσιν,
714 536 745 598 in
779 556 849 598 eam
882 535 1037 616 inquirere
1071 555 1110 597 ex
1140 556 1174 597 re
1205 541 1313 598 nostra
1345 537 1412 599 erit.
1460 535 1494 602 Si
1519 540 1601 602 enim

329 645 468 707 animum
489 642 633 706 attendes
657 642 698 706 ad
718 640 796 706 talia
816 640 995 706 Cleomedis
1014 644 1054 726 (2,
1076 645 1115 706 13
1137 643 1205 724 sq.):
1253 645 1287 706 ἐκ
1310 650 1364 706 τοῦ
1388 645 1451 707 ὑπὸ
1476 647 1604 728 φύσεως

325 751 421 815 αὐτὸν
445 754 498 834 (se.
522 750 657 833 κόσμον)
684 751 847 814 θιοικεῖθαι
873 801 1003 812 .....
1029 751 1073 813 ὅτι
1099 750 1132 812 δὲ
1156 750 1250 832 φύσιν
1274 753 1335 832 ἔχει
1358 757 1410 828 (sc.
1431 753 1449 814 ὁ
1467 754 1602 834 κόσμος)

329 860 509 922 διοικοῦσαν
520 857 614 921 αὐτὸν
624 860 835 941 xrl.‚apparet
843 855 903 921 hoc
915 856 1113 938 Ιοοοκάσμου
1125 856 1373 940 pdoreintellegq
1383 857 1443 921 hoc
1453 858 1605 941 probatur

324 967 420 1028 etiam
439 964 541 1028 verbis
560 966 635 1048 (4,4)
658 971 721 1028 τῶν
740 966 789 1028 ἐπὶ
807 967 926 1046 μέρους
945 966 1082 1047 φύσεων,
1107 984 1188 1046 quae
1207 962 1351 1045 equidem
1368 964 1464 1028 nolim
1483 972 1602 1030 vertere

325 1093 395 1136 cum
416 1071 562 1156 Zieglero
582 1093 681 1155 „quae
700 1072 795 1136 etiam
820 1071 1014 1154 singularum
1037 1071 1176 1154 partium
1200 1075 1333 1135 naturae
1356 1073 1484 1155 propria
1502 1077 1602 1154 sunt“‚

327 1179 383 1244 sed
415 1201 455 1244 ea
486 1181 556 1262 ipsa
587 1179 745 1262 intellege,
778 1200 859 1261 quae
892 1187 966 1242 sunt
995 1177 1168 1261 singularia
1191 1184 1224 1242 et
1246 1199 1265 1241 a
1289 1178 1379 1243 nobis
1402 1179 1603 1262 appellantur

322 1286 582 1367 ›,Einzelwesen“.

412 1393 465 1457 Ex
488 1395 532 1458 eis
556 1415 637 1473 vero,
657 1415 737 1476 quae
763 1392 840 1457 dicit
859 1391 1044 1458 Cleomedes
1069 1392 1107 1456 de
1134 1391 1244 1456 mundi
1272 1397 1395 1474 natura,
1427 1393 1507 1458 haec
1538 1394 1601 1458 fere

324 1499 406 1566 effici
428 1507 574 1584 pessunt:
625 1501 721 1571 Φύσις
744 1506 793 1565 est
816 1521 912 1564 causa
933 1508 987 1582 τῆς
1009 1501 1127 1573 τάξεως
1150 1505 1214 1563 τῶν
1237 1502 1270 1563 ἐν
1293 1502 1380 1583 αύτῷ
1403 1502 1456 1584 (sc.
1472 1503 1600 1586 κόσμῳ)

323 1615 433 1693 μερῶν
457 1615 489 1672 et
510 1616 563 1692 τῆς
586 1614 649 1672 τῶν
673 1611 846 1690 γινομένων
869 1609 995 1681 τάξεως,
1029 1628 1109 1688 quae
1140 1605 1236 1670 verba
1262 1608 1309 1671 ita
1336 1609 1531 1690 interpretor,
1566 1614 1602 1673 ut

326 1715 477 1781 hocloco
508 1717 645 1799 spatium
669 1721 701 1779 et
723 1721 847 1798 tempus
870 1715 987 1797 opponi
1020 1713 1131 1778 dicam.
1177 1712 1305 1778 Natura
1323 1721 1371 1778 est
1388 1715 1486 1798 igitur
1505 1737 1602 1780 causa

325 1823 443 1887 ordinis
477 1844 594 1903 eorum,
627 1844 707 1906 quae
739 1823 772 1885 in
806 1823 908 1905 spatio
940 1843 1005 1885 una
1039 1827 1120 1902 sunt,
1154 1826 1186 1885 et
1217 1821 1336 1886 ordinis
1368 1843 1488 1904 eorum,
1520 1845 1601 1905 quae

326 1929 482 2013 deincepS,
518 1930 605 1995 aliud
634 1936 706 2014 pest
738 1929 833 2009 aliud,
866 1927 954 1993 fiunt.
999 1927 1126 1993 Natura
1158 1930 1254 2012 igitur
1286 1931 1392 1994 onmia
1422 1929 1548 1994 ordinat
1570 1935 1602 1995 et

323 2039 412 2121 regit,
443 2037 645 2102 administrat
666 2043 698 2101 et
720 2042 825 2101 movet
847 2038 900 2117 ita,
932 2042 968 2100 ut
989 2035 1167 2119 praeditam
1190 2057 1257 2100 esse
1280 2037 1402 2101 ratione
1426 2042 1457 2101 et
1479 2036 1599 2101 intelle-

323 2146 431 2228 gentia
454 2166 522 2209 eam
546 2151 701 2228 putemne,
720 2146 826 2227 itaque
846 2148 895 2208 est
914 2143 1021 2207 anima
1039 2143 1148 2208 mundi
1171 2143 1221 2208 vel
1242 2145 1277 2208 τὸ
1301 2143 1449 2226 ποιοῦνῑ),
1472 2150 1601 2208 aeterna

321 2257 353 2316 et
376 2251 488 2328 deusd

414 2359 496 2424 Tum
530 2358 667 2424 affirmat
688 2358 872 2426 Cleomedes
896 2361 970 2443 (4,1)
995 2364 1116 2422 exstare
1139 2363 1287 2422 naturam
1310 2379 1462 2442 apparere
1486 2361 1520 2423 εἰι
1542 2367 1596 2443 τῆς

323 2469 522 2550 συμπαθείας
544 2474 607 2532 τῶν
632 2471 663 2532 ἓν
687 2470 774 2550 αύτῷ
796 2473 905 2549 μερῶν
928 2467 1008 2549 πρὸς
1031 2465 1186 2549 άλληλο3);
1219 2465 1303 2530 unde
1335 2467 1517 2549 priusquam
1540 2466 1596 2531 ali·

323 2574 400 2658 quid
427 2573 587 2655 efficimus.
619 2596 721 2658 pauca
749 2580 823 2638 sunt
850 2573 984 2638 dicenda
1012 2572 1050 2636 de
1073 2594 1148 2637 voce
1171 2575 1360 2656 συμπάθεια.
1406 2573 1489 2637 Eam
1513 2575 1596 2637 enim

324 2681 410 2764 apud
434 2681 583 2763 Stoicos)
616 2682 692 2745 mihi
724 2683 865 2764 persuasi
898 2681 1048 2764 peculiari
1077 2680 1214 2763 quadam
1241 2681 1288 2744 uti
1315 2681 1354 2761 vi,
1387 2701 1426 2744 ex
1448 2703 1512 2764 qua
1534 2702 1598 2746 non

324 2788 895 2876 vertendalestaffectatio(utZiegler
912 2811 941 2870 p.
954 2797 982 2868 5,
1002 2790 1032 2868 1)
1051 2787 1100 2852 vel
1123 2787 1344 2868 misericordia,
1368 2787 1423 2852 sed
1441 2787 1599 2871 significat

324 2896 481 2978 „dolorem
505 2896 554 2961 vel
574 2895 729 2978 affectum,
753 2897 807 2979 qui
830 2897 880 2960 eui
904 2896 1077 2959 communis
1101 2901 1149 2958 est
1167 2916 1238 2958 cum
1258 2893 1319 2958 alio
1338 2898 1431 2977 quo“';
1456 2895 1492 2959 ef.
1511 2893 1597 2961 Sext.

324 3002 419 3087 Emp.
444 3004 513 3068 adv.
533 3004 630 3068 math.
654 3003 719 3084 IX,
745 3007 795 3085 79,
820 3006 861 3068 80
884 3004 1037 3086 imprimis
1061 3008 1201 3067 extrema
1223 3000 1331 3066 verba:
1355 3004 1404 3066 ἐπὶ
1426 3009 1490 3067 τῶν
1512 3006 1596 3086 ἡνω-

324 3150 487 3230 συνείχετο,
534 3149 654 3230 ἀνάγκη
688 3150 749 3229 ἄρα
782 3148 844 3211 ὑπὸ
877 3155 930 3229 τῆς
962 3148 1086 3229 ἀρίστης
1119 3147 1213 3210 αὐτὸν
1245 3147 1372 3230 φύσεως
1404 3148 1597 3229 συνέχεσθαι,

325 3239 389 3301 ἐπεὶ
412 3239 464 3303 καὶ
487 3240 619 3321 περιέχει
642 3238 695 3307 τὰς
718 3239 845 3301 πάσσων
869 3238 984 3318 φύσεις·
1032 3251 1106 3320 Quae
1135 3271 1196 3306 cum
1224 3253 1263 3305 ita
1291 3252 1352 3322 sint,
1380 3253 1408 3305 in
1431 3251 1484 3305 fine
1503 3251 1531 3320 (ξ
1550 3253 1598 3319 85)

326 3344 498 3398 concluditur
517 3343 599 3398 etiam
617 3344 682 3398 hoc:
720 3329 812 3408 φύσις
844 3327 969 3396 πάντως
1002 3325 1062 3388 ἐστὶ
1093 3327 1201 3408 λογική
1227 3375 1233 3387 .
1258 3376 1264 3387 .
1290 3375 1297 3387 .
1329 3327 1423 3408 νοερά
1454 3350 1485 3387 τε
1517 3327 1598 3387 ἔσται

325 3417 378 3480 καὶ
401 3418 557 3480 σπουδαία
581 3416 633 3479 καὶ
657 3417 822 3486 ἀθάνατος.
868 3417 991 3497 τοιαύτη
1017 3415 1051 3477 δὲ
1073 3416 1270 3496 τυγχάνουσα
1294 3415 1370 3484 θεάς
1393 3416 1478 3477 ἐστιν.
1529 3429 1599 3500 cog.

325 3505 462 3558 noscimus
481 3504 563 3573 igitur
582 3507 740 3572 „naturam·‘
761 3503 916 3557 Stoicorum
936 3520 994 3556 esse
1013 3503 1089 3569 quasi
1108 3503 1225 3555 animam
1244 3502 1327 3556 totius
1349 3502 1454 3571 mundi,
1479 3501 1553 3569 quod
1569 3504 1600 3555 in

325 3580 419 3630 nostra
437 3576 625 3644 disquisitione
645 3576 795 3644 estmagni
814 3574 952 3628 momenti.
982 3605 1014 3612 -
1045 3573 1107 3627 Hoc
1132 3592 1246 3627 excursu
1264 3574 1455 3642 demonstravi,
1473 3573 1531 3627 iuro
1550 3591 1600 3626 nos

326 3665 478 3734 disceptare
497 3681 577 3733 posse
597 3665 707 3718 desole
728 3665 838 3732 „mundi
857 3665 977 3731 natm·a“,
998 3661 1124 3717 seiunctis
1145 3663 1270 3716 omnibus
1287 3663 1366 3728 licis,
1385 3663 1483 3731 quibus
1507 3648 1600 3730 φύσις

325 3772 381 3809 non
399 3738 523 3819 κόσμου
548 3739 640 3820 φύσις
658 3753 831 3822 intellegitur.
867 3752 1012 3806 Praeterea
1039 3757 1129 3805 autem
1155 3751 1292 3806 effecimus
1320 3751 1433 3806 Sextum
1457 3751 1511 3807 hoe
1537 3753 1599 3805 loco

328 3827 456 3882 exhibere
474 3827 627 3896 generalem
646 3825 801 3879 Stoicorum
821 3825 982 3892 doctrinam,
1011 3841 1078 3892 quae
1103 3824 1175 3878 redit
1192 3824 1225 3877 ed
1245 3824 1349 3893 primos
1368 3829 1499 3893 auctores,
1526 3825 1602 3878 velut

327 3897 511 4001 Chrysippum
530 3905 557 3951 et
575 3897 740 3981 Cleanthem,
761 3897 796 3950 cs.
816 3897 961 3950 Schmekel
989 3895 1006 3948 l.
1026 3897 1043 3948 l.
1061 3914 1088 3965 p.
1109 3900 1140 3948 91
1162 3913 1201 3964 sq.

416 3973 439 4108 θ
455 3969 492 4095 ld
509 3968 928 4110 θέξέέθάῖῗιῖῑύξύύθέωω.
947 4038 999 4107 ΙΧ,
1019 4043 1066 4107 85;
1086 4042 1144 4092 na.

417 4113 437 4181 ³)
456 4111 601 4182 Repetitur
618 4114 686 4166 haec
705 4113 838 4194 sententia
855 4130 883 4181 p.
902 4115 927 4176 8,
950 4115 981 4164 19
1000 4111 1036 4178 Z;
1057 4110 1097 4194 cf.⁹
1113 4113 1171 4178 178,
1191 4113 1272 4178 1-53
1294 4113 1354 4179 180,
1374 4113 1479 4194 {3716
1497 4109 1528 4164 Z.

415 4183 436 4253 ⁴¹)
455 4183 528 4239 Dico
548 4184 620 4255 apud
639 4183 759 4252 Stoicos3
789 4184 863 4236 ahud
881 4183 953 4236 enim
972 4182 1045 4250 apud
1063 4182 1130 4235 alios
1149 4181 1203 4235 hoe
1225 4182 1339 4236 verbum
1360 4180 1505 4252 signifieat,
1534 4197 1563 4235 a:
1577 4199 1600 4236 ο.

327 4275 362 4329 ef.
381 4273 456 4328 Sext.
474 4273 557 4342 Emp.
575 4272 671 4344 Pyrrh.
708 4272 783 4342 Hyp.
802 4271 825 4340 I,
847 4276 906 4340 230,
926 4289 959 4325 ex
979 4259 1185 4325 sententiaw‘W
1207 4280 1239 4318 τε
1262 4255 1325 4317 ἀπὸ
1340 4262 1394 4338 τῆς
1407 4256 1601 4338 Ἂκσῦημίας

328 4348 381 4412 καὶ
403 4354 466 4411 τῶν
490 4347 553 4410 ἀπὸ
576 4355 630 4430 τῆς
653 4349 798 4428 σκέψεως
822 4363 933 4429 dietum,
957 4361 1032 4414 idem
1049 4361 1122 4414 valet
1140 4378 1172 4414 ac
1190 4344 1370 4428 πρόσκλισις
1387 4346 1441 4408 καὶ
1455 4345 1599 4427 προσκά-

327 4439 398 4500 deca
425 4458 505 4521 atque
527 4454 675 4521 opponitur
697 4451 758 4507 voci
784 4437 974 4499 ἀντιπάθειαι.
1020 4449 1177 4504 Stoicorum
1195 4467 1260 4504 vero
1284 4449 1389 4503 notioni
1419 4434 1600 4516 συμπάθεια

329 4543 477 4613 opponitur
509 4527 695 4600 ἷθιοττάθεια,
734 4541 768 4596 cf,
789 4541 848 4594 Gal,
867 4526 936 4607 περὶ
959 4529 1022 4587 τῶν
1046 4526 1178 4587 πεπονθ.
1201 4525 1268 4587 τάπ.
1297 4543 1363 4592 tom,
1383 4537 1476 4608 VIII,
1502 4557 1529 4608 p,
1549 4541 1601 4593 225

328 4616 441 4684 Kuohn;
470 4621 497 4666 et
525 4615 619 4668 Omen
646 4616 672 4668 in
703 4614 758 4668 cie.
778 4615 833 4670 iud,
864 4611 1041 4668 Graeco-Lat.
1072 4611 1140 4684 que.
1165 4612 1207 4666 ed.
1228 4611 1274 4668 (νε.
1292 4611 1345 4665 vol.
1365 4610 1458 4686 vlu,
1487 4616 1519 4665 el
1541 4627 1601 4667 av.

327 4691 482 4780 συμκάθ.)
